!Type:Tag
NM
DMike's expenses
^
NMS
Dshared exp paid by Mike
^
NS
DSusie's expenses
^
NSM
DShared exp paid by Susie
^
!Type:Cat
NBonus
DBonus
T
I
^
NCommission
DCommission
T
I
^
NConsutant Incom
DConsutant Fees
T
I
^
NConsutant Incom:Consutant BC
DConsultant,BlueCross
T
I
^
NConsutant Incom:Consutant HF
DHealth Factors
I
^
NConsutant Incom:Consutant RJ
DConsulting Fee
I
^
NConsutant Incom:ZZZZZ
DConsutant Fees
T
I
^
NDividend, Reinv
DDividend, Reinvested
I
^
NDividend, Reinv:Dividend
DDividend, Reinvested
I
^
NDividend, Reinv:ZZZZZ
DDividend, Reinvested
I
^
NEarned
I
^
NEarned:Bonus
T
I
^
NEarned:RJ Commission
DRJ Commission
T
I
^
NEarned:Salary
DSalary
B1,169.00
B1,169.00
B1,169.00
B1,169.00
B1,169.00
B1,169.00
B1,169.00
B1,169.00
B1,169.00
B1,169.00
B1,169.00
B1,169.00
T
I
^
NEarned:ZZZZZ
I
^
NGift Received
DGift Received
B13.00
B13.00
B13.00
B13.00
B13.00
B13.00
B13.00
B13.00
B13.00
B13.00
B13.00
B13.00
I
^
NReinvest,Divide
I
^
NZeroing entry
Dentry to zero acct
I
^
N_DblTaxFree
DDouble Tax Free
T
R7824
I
^
N_DivInc
DDividend
B2,098.00
B2,098.00
B2,098.00
B2,098.00
B2,098.00
B2,098.00
B2,098.00
B2,098.00
B2,098.00
B2,098.00
B2,098.00
B2,098.00
T
I
^
N_DivIncTaxFree
DTax-Free Dividend
T
R7792
I
^
N_EmpStkOptInc
DEmployee Stock Option Inc
T
R7360
I
^
N_EmpStkOptIncSpouse
DEmployee Stock Option Inc for Spouse
T
R8096
I
^
N_ESPP Self Income
DESPP Self Income
T
R7360
I
^
N_ESPP Spouse Income
DESPP Spouse Income
T
R8096
I
^
N_IntInc
DInvestment Interest Inc
B845.00
B845.00
B845.00
B845.00
B845.00
B845.00
B845.00
B845.00
B845.00
B845.00
B845.00
B845.00
T
I
^
N_IntIncTaxFree
DTax-Free Inv Interest Inc
T
R7824
I
^
N_LT CapGnDst
DLong Term Cap Gain Dist
B2,515.00
B2,515.00
B2,515.00
B2,515.00
B2,515.00
B2,515.00
B2,515.00
B2,515.00
B2,515.00
B2,515.00
B2,515.00
B2,515.00
T
R5168
I
^
N_MT CapGnDst
DMid Term Cap Gain Dist
T
R7808
I
^
N_RlzdGain
DRealized Gain/Loss
B11,004.00
B11,004.00
B11,004.00
B11,004.00
B11,004.00
B11,004.00
B11,004.00
B11,004.00
B11,004.00
B11,004.00
B11,004.00
B11,004.00
T
I
^
N_SingTaxFree
DSingle Tax Free
T
R7856
I
^
N_ST CapGnDst
DShort Term Cap Gain Dist
B182.00
B182.00
B182.00
B182.00
B182.00
B182.00
B182.00
B182.00
B182.00
B182.00
B182.00
B182.00
T
R5136
I
^
N_TripleTaxFree
DTriple Tax Free
T
R7824
I
^
N_UnrlzdGain
DUnrealized Gain/Loss
I
^
N1991 exp
D1991 carryover exp
E
^
NAuto
DAutomobile Expenses
B-4.00
B-4.00
B-4.00
B-4.00
B-4.00
B-4.00
B-4.00
B-4.00
B-4.00
B-4.00
B-4.00
B-4.00
E
^
NAuto:E320
DMercedies E320
B-63.00
B-63.00
B-63.00
B-63.00
B-63.00
B-63.00
B-63.00
B-63.00
B-63.00
B-63.00
B-63.00
B-63.00
E
^
NAuto:Gas
DGas
B-103.00
B-103.00
B-103.00
B-103.00
B-103.00
B-103.00
B-103.00
B-103.00
B-103.00
B-103.00
B-103.00
B-103.00
E
^
NAuto:Honda
DHonda 1991
E
^
NAuto:Insurance
B-348.00
B-348.00
B-348.00
B-348.00
B-348.00
B-348.00
B-348.00
B-348.00
B-348.00
B-348.00
B-348.00
B-348.00
E
^
NAuto:Misc
E
^
NAuto:Parking
DRJ parking
E
^
NAuto:Repair
DRepair
B-76.00
B-76.00
B-76.00
B-76.00
B-76.00
B-76.00
B-76.00
B-76.00
B-76.00
B-76.00
B-76.00
B-76.00
E
^
NAuto:ZZZZZ
DAutomobile Expenses
B-4.00
B-4.00
B-4.00
B-4.00
B-4.00
B-4.00
B-4.00
B-4.00
B-4.00
B-4.00
B-4.00
B-4.00
E
^
NBalance adjust
DBalance ajustment
E
^
NBayshore House
D6218 Bayshore Boulevard
E
^
NBayshore House:Purchase Expences
B-12.00
B-12.00
B-12.00
B-12.00
B-12.00
B-12.00
B-12.00
B-12.00
B-12.00
B-12.00
B-12.00
B-12.00
E
^
NBayshore House:ZZZZZ
D6218 Bayshore Boulevard
E
^
NBusiness expen
DPersonal business expense
T
E
^
NBusiness expen:Bio Arc
B16.00
B16.00
B16.00
B16.00
B16.00
B16.00
B16.00
B16.00
B16.00
B16.00
B16.00
B16.00
E
^
NBusiness expen:BlueCross
DTravel Expences
E
^
NBusiness expen:Brifecase
E
^
NBusiness expen:Chamberlain
DChamberlain Funding Group
B-522.00
B-522.00
B-522.00
B-522.00
B-522.00
B-522.00
B-522.00
B-522.00
B-522.00
B-522.00
B-522.00
B-522.00
E
^
NBusiness expen:Computer
DComputer
B-211.00
B-211.00
B-211.00
B-211.00
B-211.00
B-211.00
B-211.00
B-211.00
B-211.00
B-211.00
B-211.00
B-211.00
E
^
NBusiness expen:Datronic
DExpert witness
E
^
NBusiness expen:Dendron
DExpenses
E
^
NBusiness expen:Employment
DLooking for new emplyment
E
^
NBusiness expen:Genoa
DExpenses
E
^
NBusiness expen:HCHAB
DHealth Advisory Board
E
^
NBusiness expen:Kendrick Pierce
E
^
NBusiness expen:Legal
DLegal
E
^
NBusiness expen:Meadow Fork
DLand near Ashville
E
^
NBusiness expen:Medical Enterp
DConsulting Company
E
^
NBusiness expen:Medow Fork
DAshville Land
E
^
NBusiness expen:MEI
DMedical Enterprises, Inc.
E
^
NBusiness expen:Misc
DMisc
B-1,143.00
B-1,143.00
B-1,143.00
B-1,143.00
B-1,143.00
B-1,143.00
B-1,143.00
B-1,143.00
B-1,143.00
B-1,143.00
B-1,143.00
B-1,143.00
E
^
NBusiness expen:Mobile phone
DMobile phone
T
E
^
NBusiness expen:Pharmacy Factor
E
^
NBusiness expen:RJ reimburse
DExpenses reimbures by RJ
E
^
NBusiness expen:Tax prep
T
E
^
NBusiness expen:TEC
DTEC expenses
E
^
NBusiness expen:Vindicator
E
^
NBusiness expen:ZZZZZ
DPersonal business expense
T
E
^
NCash
B-210.00
B-210.00
B-210.00
B-210.00
B-210.00
B-210.00
B-210.00
B-210.00
B-210.00
B-210.00
B-210.00
B-210.00
E
^
NCash:Misc
DMisc
E
^
NCash:ZZZZZ
B-210.00
B-210.00
B-210.00
B-210.00
B-210.00
B-210.00
B-210.00
B-210.00
B-210.00
B-210.00
B-210.00
B-210.00
E
^
NCharity
DCharitable Donations
B-23.00
B-23.00
B-23.00
B-23.00
B-23.00
B-23.00
B-23.00
B-23.00
B-23.00
B-23.00
B-23.00
B-23.00
T
E
^
NChild expen
DExpenses for children
E
^
NChild expen:Brevard
DBrevard College
E
^
NChild expen:Car
E
^
NChild expen:Child support
DChild support to Lynn
E
^
NChild expen:Clothes
DBoys clothes
E
^
NChild expen:College trip,
DJustin,College visits
E
^
NChild expen:FSU
DCOLLEGE EXPENCES
E
^
NChild expen:Gage Loan
E
^
NChild expen:Gifts
DGifts
B-44.00
B-44.00
B-44.00
B-44.00
B-44.00
B-44.00
B-44.00
B-44.00
B-44.00
B-44.00
B-44.00
B-44.00
E
^
NChild expen:HCC
DGage AA Degree
E
^
NChild expen:Hyde
DHyde expenses
E
^
NChild expen:Justin Loan
DLoan to Justin
B-78.00
B-78.00
B-78.00
B-78.00
B-78.00
B-78.00
B-78.00
B-78.00
B-78.00
B-78.00
B-78.00
B-78.00
E
^
NChild expen:Medical
DBoys medical & dental
E
^
NChild expen:Misc
DMisc
E
^
NChild expen:USF
DCollege expenses
E
^
NChild expen:ZZZZZ
DExpenses for children
E
^
NClose cost-128
E
^
NCondo
E
^
NCondo:Electric
DElectric 835 Seddon Cove
E
^
NCondo:Maintenance
E
^
NCondo:Mortgage
DMortgage-Chase
E
^
NCondo:Rent income
Drental income
E
^
NCondo:ZZZZZ
E
^
NDecorating hous
DDecorating house
E
^
NEnter
DEntertainment
E
^
NEnter:Dinning
DDinning out
B-79.00
B-79.00
B-79.00
B-79.00
B-79.00
B-79.00
B-79.00
B-79.00
B-79.00
B-79.00
B-79.00
B-79.00
E
^
NEnter:Events
DEvents
B-71.00
B-71.00
B-71.00
B-71.00
B-71.00
B-71.00
B-71.00
B-71.00
B-71.00
B-71.00
B-71.00
B-71.00
E
^
NEnter:misc
B-42.00
B-42.00
B-42.00
B-42.00
B-42.00
B-42.00
B-42.00
B-42.00
B-42.00
B-42.00
B-42.00
B-42.00
E
^
NEnter:ZZZZZ
DEntertainment
E
^
NGifts
DGift Expenses
B-298.00
B-298.00
B-298.00
B-298.00
B-298.00
B-298.00
B-298.00
B-298.00
B-298.00
B-298.00
B-298.00
B-298.00
E
^
NHeating Oil
E
^
NHeating Oil:Tuckers Point
E
^
NHeating Oil:ZZZZZ
E
^
NHonda,Justin
D1991 Honda
E
^
NHouse exp
DHousehold expenses
E
^
NHouse exp:Bug Control
DBug controle
E
^
NHouse exp:Cable TV
DCable TV
B-34.00
B-34.00
B-34.00
B-34.00
B-34.00
B-34.00
B-34.00
B-34.00
B-34.00
B-34.00
B-34.00
B-34.00
E
^
NHouse exp:Cleaning
DHouse cleaning
E
^
NHouse exp:Electricity
DElectricity
B-148.00
B-148.00
B-148.00
B-148.00
B-148.00
B-148.00
B-148.00
B-148.00
B-148.00
B-148.00
B-148.00
B-148.00
E
^
NHouse exp:Electricity:Tuckers Point
DTuckers Point Property
E
^
NHouse exp:Electricity:ZZZZZ
DElectricity
B-148.00
B-148.00
B-148.00
B-148.00
B-148.00
B-148.00
B-148.00
B-148.00
B-148.00
B-148.00
B-148.00
B-148.00
E
^
NHouse exp:Food & supplies
DFood & supplies
E
^
NHouse exp:Gas
DNatural Gas
B-7.00
B-7.00
B-7.00
B-7.00
B-7.00
B-7.00
B-7.00
B-7.00
B-7.00
B-7.00
B-7.00
B-7.00
E
^
NHouse exp:Gifts
DGifts
E
^
NHouse exp:Home repair
DHome repair
E
^
NHouse exp:Insurance
DHome owners insurance
B-99.00
B-99.00
B-99.00
B-99.00
B-99.00
B-99.00
B-99.00
B-99.00
B-99.00
B-99.00
B-99.00
B-99.00
E
^
NHouse exp:Lawn
DLawn service
E
^
NHouse exp:Lawn:Tuckers Point
DTuckers Point Property
E
^
NHouse exp:Lawn:ZZZZZ
DLawn service
E
^
NHouse exp:Lawndry
DDry cleaning & lawndry
E
^
NHouse exp:Misc purchases
DMisc purchases
B-119.00
B-119.00
B-119.00
B-119.00
B-119.00
B-119.00
B-119.00
B-119.00
B-119.00
B-119.00
B-119.00
B-119.00
E
^
NHouse exp:Misc purchases:Tuckers Point
E
^
NHouse exp:Misc purchases:ZZZZZ
DMisc purchases
B-119.00
B-119.00
B-119.00
B-119.00
B-119.00
B-119.00
B-119.00
B-119.00
B-119.00
B-119.00
B-119.00
B-119.00
E
^
NHouse exp:Mortgage
DMortgage -KeyCorp Mortgag
B-2,759.00
B-2,759.00
B-2,759.00
B-2,759.00
B-2,759.00
B-2,759.00
B-2,759.00
B-2,759.00
B-2,759.00
B-2,759.00
B-2,759.00
B-2,759.00
T
E
^
NHouse exp:Mortgage-2nd
D2nd mortgage-Citibank
T
E
^
NHouse exp:Phone
DPhone
B-97.00
B-97.00
B-97.00
B-97.00
B-97.00
B-97.00
B-97.00
B-97.00
B-97.00
B-97.00
B-97.00
B-97.00
E
^
NHouse exp:Piano
DPiano
E
^
NHouse exp:Pool service
DPool service
E
^
NHouse exp:Storage
DStorage
E
^
NHouse exp:tax
DReal estate tax
T
E
^
NHouse exp:Water & sewage
DWater & sewage
B-43.00
B-43.00
B-43.00
B-43.00
B-43.00
B-43.00
B-43.00
B-43.00
B-43.00
B-43.00
B-43.00
B-43.00
E
^
NHouse exp:ZZZZZ
DHousehold expenses
E
^
NInvestment
E
^
NLandscaping
DLandscaping backyard
E
^
NLate Fees
DLate Payment Fees
T
E
^
NLeasure
DLeasure
E
^
NLeasure:Athletic Club
DHarbour Island athletic c
B-101.00
B-101.00
B-101.00
B-101.00
B-101.00
B-101.00
B-101.00
B-101.00
B-101.00
B-101.00
B-101.00
B-101.00
E
^
NLeasure:Bicycle
DBicycle
B-12.00
B-12.00
B-12.00
B-12.00
B-12.00
B-12.00
B-12.00
B-12.00
B-12.00
B-12.00
B-12.00
B-12.00
E
^
NLeasure:Computer
E
^
NLeasure:DIYC
DDavis Island Yatch Club
B-3.00
B-3.00
B-3.00
B-3.00
B-3.00
B-3.00
B-3.00
B-3.00
B-3.00
B-3.00
B-3.00
B-3.00
E
^
NLeasure:Golf
B-6.00
B-6.00
B-6.00
B-6.00
B-6.00
B-6.00
B-6.00
B-6.00
B-6.00
B-6.00
B-6.00
B-6.00
E
^
NLeasure:Hobie-Sunfish
DHobie cat & Sunfish
E
^
NLeasure:Misc
DMisc
E
^
NLeasure:Photography
DPhotography
B-13.00
B-13.00
B-13.00
B-13.00
B-13.00
B-13.00
B-13.00
B-13.00
B-13.00
B-13.00
B-13.00
B-13.00
E
^
NLeasure:Skiing
DSkiing
E
^
NLeasure:Tennis
DTennis
E
^
NLeasure:ZZZZZ
DLeasure
E
^
NLiving exp
DLiving expenses
E
^
NLiving exp:Clothing
DClothing
B-75.00
B-75.00
B-75.00
B-75.00
B-75.00
B-75.00
B-75.00
B-75.00
B-75.00
B-75.00
B-75.00
B-75.00
E
^
NLiving exp:Dry Cleaning
B-38.00
B-38.00
B-38.00
B-38.00
B-38.00
B-38.00
B-38.00
B-38.00
B-38.00
B-38.00
B-38.00
B-38.00
E
^
NLiving exp:Gifts
DGifts
B-9.00
B-9.00
B-9.00
B-9.00
B-9.00
B-9.00
B-9.00
B-9.00
B-9.00
B-9.00
B-9.00
B-9.00
E
^
NLiving exp:Ins
DInsurance
E
^
NLiving exp:Ins:Disability
DDisability insurance
B-234.00
B-234.00
B-234.00
B-234.00
B-234.00
B-234.00
B-234.00
B-234.00
B-234.00
B-234.00
B-234.00
B-234.00
E
^
NLiving exp:Ins:Health
DHealth insurance
E
^
NLiving exp:Ins:Health96.5
E
^
NLiving exp:Ins:Life
DLife
E
^
NLiving exp:Ins:Umbrella
B-29.00
B-29.00
B-29.00
B-29.00
B-29.00
B-29.00
B-29.00
B-29.00
B-29.00
B-29.00
B-29.00
B-29.00
E
^
NLiving exp:Ins:ZZZZZ
DInsurance
E
^
NLiving exp:Lighting
DLighting-128 House
E
^
NLiving exp:Medical-dental
DMedical - dental exp
B-45.00
B-45.00
B-45.00
B-45.00
B-45.00
B-45.00
B-45.00
B-45.00
B-45.00
B-45.00
B-45.00
B-45.00
E
^
NLiving exp:Misc-Mike
DMisc expenses-Mike
E
^
NLiving exp:ZZZZZ
DLiving expenses
E
^
NLoadge Point Property
DNorthern Neck Virginia  Property
E
^
NLoan To Gage
DCar loan to Gage
E
^
NLoan to Justin
DLoan to Justin
E
^
NMagor purchase
DMajor purchase]
B583.00
B583.00
B583.00
B583.00
B583.00
B583.00
B583.00
B583.00
B583.00
B583.00
B583.00
B583.00
E
^
NNot Sure, Biz
DSchedule C Expense, but Tax Line unknown
T
R16000
E
^
NNot Sure, Rental
DSchedule E Expense, but Tax Line unknown
T
R16016
E
^
NOil
DOil
E
^
NOil:Tucker Point
DFuel Oil
E
^
NOil:ZZZZZ
DOil
E
^
NPurchase expences
E
^
NTax
DFederal Income Tax
T
E
^
NTax:Fed
DFederal Income Tax
B279.00
B279.00
B279.00
B279.00
B279.00
B279.00
B279.00
B279.00
B279.00
B279.00
B279.00
B279.00
T
E
^
NTax:FICA
DSocial Security Tax
T
E
^
NTax:Intangible
B-54.00
B-54.00
B-54.00
B-54.00
B-54.00
B-54.00
B-54.00
B-54.00
B-54.00
B-54.00
B-54.00
B-54.00
T
E
^
NTax:Medicare
DMedicare Tax
T
E
^
NTax:Real Estate
DReal Estate Tax
T
R4416
E
^
NTax:ZZZZZ
DFederal Income Tax
T
E
^
NTax refund
E
^
NTravel
DTravel Expenses
E
^
NTravel:Atlanta
B20.00
B20.00
B20.00
B20.00
B20.00
B20.00
B20.00
B20.00
B20.00
B20.00
B20.00
B20.00
E
^
NTravel:Atwell
B-30.00
B-30.00
B-30.00
B-30.00
B-30.00
B-30.00
B-30.00
B-30.00
B-30.00
B-30.00
B-30.00
B-30.00
E
^
NTravel:Bike Trip
DVacation
E
^
NTravel:Birvard
E
^
NTravel:Boca Grand
E
^
NTravel:Brevard
E
^
NTravel:Callao
E
^
NTravel:Charlston
E
^
NTravel:Cloisters
E
^
NTravel:Columbia
DJustin school
E
^
NTravel:Crystal River
E
^
NTravel:England
DEngland, Aug. 1997
E
^
NTravel:FSU
E
^
NTravel:Gage college
E
^
NTravel:Hampton
B-53.00
B-53.00
B-53.00
B-53.00
B-53.00
B-53.00
B-53.00
B-53.00
B-53.00
B-53.00
B-53.00
B-53.00
E
^
NTravel:Heather wedding
DHeather's wedding
E
^
NTravel:Islamorada
E
^
NTravel:Islelamarada
DRoad trip
E
^
NTravel:Kenia
DSafari,Kenia
E
^
NTravel:Laguna
DAbbott Drug trip
E
^
NTravel:Loadge Creek
DLoadge Creek Property
E
^
NTravel:Long Island
B-48.00
B-48.00
B-48.00
B-48.00
B-48.00
B-48.00
B-48.00
B-48.00
B-48.00
B-48.00
B-48.00
B-48.00
E
^
NTravel:Madison
Dvisit Gage
E
^
NTravel:Maine
DJustin school
B-94.00
B-94.00
B-94.00
B-94.00
B-94.00
B-94.00
B-94.00
B-94.00
B-94.00
B-94.00
B-94.00
B-94.00
E
^
NTravel:Mission Inn
E
^
NTravel:Mom
E
^
NTravel:Mom's birthday
E
^
NTravel:Mom's opp
DMom's opperation
E
^
NTravel:Philidelphia
E
^
NTravel:Robertson Wedding
E
^
NTravel:Sarasota
E
^
NTravel:Seatle
DBike trip
E
^
NTravel:Ski
D94' trip
E
^
NTravel:Tuckers Point
E
^
NTravel:U of MD
DUNiversity of Maryland
E
^
NTravel:UConn
DCollege reunion
E
^
NTravel:Vail
DVail, Cindy & Larry
E
^
NTravel:Washington
DInovations in Goverment
E
^
NTravel:Wilmington
E
^
NTravel:ZZZZZ
DTravel Expenses
E
^
N_Accrued Int
DAccrued Interest
T
E
^
N_Accrued Int TaxFree
DTax-Free Accrued Interest
T
R7824
E
^
N_IntExp
DInvestment Interest Exp
T
E
^
!Option:AutoSwitch
!Account
NChecking
TBank
^
NHeritage-Mike
TBank
DMoney market
^
NHeritage-Susie
TBank
DMoney Market
^
NMWC Elite Check
TBank
D50453555
^
NNation Bank sav
TBank
DSusie's savings accou
^
NNations Bank ck
TBank
DSusie's checking acco
^
NSusie household
TBank
DSusie household expen
^
NSUW Elite Check
TBank
D81784275
^
NAmerican Expres
TCCard
L0.00
^
NLine of Credit
TCCard
L0.00
^
NQuicken Visa
TCCard
L0.00
^
NAntique
TOth A
DSusie's 1/3
^
NAntiques
TOth A
DMike's 2/3 value
^
NAutomobile
TOth A
D380 SE Mercedes
^
NAutomobile 940
TOth A
DVolvo 940-1991
^
NAutomobile Hond
TOth A
DHonda - 1988
^
NAutomobile Vo
TOth A
DVolvo 1980
^
NBayshore Home
TOth A
D6218 Bayshore Blvd.
^
NBoats
TOth A
DKayaks & Sunfish
^
NCondo 835 S C
TOth A
DCondo,Seddon Cove
^
NDefered Mang
TOth A
DDefered Management Bo
^
NHonda '91
TOth A
D1991 honda Accord
^
NHouse 128
TOth A
DSusie's 1/2share
^
NHouse,Bosphorus
TOth A
DMike's 1/2 ownership
^
NJeep 1984
TOth A
^
NJewelry
TOth A
DSusie's jewelry
^
NMeadow Fork
TOth A
DAshville Land
^
NMercedes E320
TOth A
DE320
^
NNight Crossing
TOth A
DSigned print
^
NOffice Furniture
TOth A
^
NPersian rugs M
TOth A
DPersian rugs
^
NPersian rugs S
TOth A
DPersian rugs
^
NPersonal proper
TOth A
DPersonal property
^
NPersonal-Susie
TOth A
DSusie's personal prop
^
NPiano
TOth A
DMike's 2/3 value
^
NPiano M&H
TOth A
DPiano Sisie's 1/3
^
NRJ Profit Shar
TOth A
DRJ Profit Sharing
^
NSusie Note
TOth A
^
NTucker Point Lane
TOth A
DTucker Point Lane property
^
NTundra
TOth A
DTundra
^
NCondo mortgage
TOth L
DMortgage 835 Seddon C
^
NHouse Mort 128
TOth L
D128 Mortgage 1/3 Susi
^
NHouse mortage
TOth L
DMortgage 128 Bosphoru
^
NLighting Insura
TOth L
DInsurance check
^
NMercedes E320 Loan
TOth L
DE320
^
NMortage Bayshore
TOth L
D6218 Bayshore mortge
^
NNote owed by Su
TOth L
DSusie owes Mike-1994
^
NTaxes due
TOth L
DTaxes due on Health Factors
^
N401K
TPort
DMike's 401K
^
N401k Bio Arc
TPort
DBio Arc 401k
^
NAIM Charter
TMutual
D#0000924233
^
NAIM Constellati
TMutual
D#0000924233
^
NAIM Wingarten
TMutual
D#0000924233
^
NChamberlain Funding Group, Inc
TPort
DStock
^
NChamberlain Retirement
TPort
DChamberlain Retirement Accounts
^
NEagle Growth, SEP
TPort
DEagle Growth 87145822
^
NGage College Ac
TPort
DGage Cole College Acc
^
NIRA - Susie
TMutual
DPioneer II
^
NIRA, Mike Cole
TPort
DMike Cole IRA
^
NJustin College
TPort
DJustin College Acct
^
NM-Sep IRA
TPort
D#721181397
^
NMedical Enterpr
TPort
DMedical Enterprises,
^
NMFS,401k
TPort
D401k, Susie,Doctors Walkin
^
NMike Misc Inves
TPort
DMike Misc Investment
^
NMWC Elite Inves
TPort
D#50453555
^
NPhymatrix 401K
TPort
DSusie 401 K
^
NPolaris Variabl
TPort
DVariable annuitie
^
NRaymond James Bank
TPort
DCD account
^
NRJ ESOT
TPort
DRJ ESOT
^
NS-Sep IRA
TPort
D#72181420
^
NSEP, MEI
TPort
D#72991062
^
NSep-Susie
TPort
D#70247654
^
NStock option
TPort
DRaymond James
^
NSUW Elite Inves
TPort
D#81784275
^
!Clear:AutoSwitch
!Type:InvItem
!Type:Security
N401K Funds
TMF, Growth
GGrowth
^
!Type:Security
NAbbott
SABT
TStock
GGrowth
^
!Type:Security
NAIM Charter
Schtrx
TMF Grow & Incom
GGrowth
^
!Type:Security
NAIM Constellati
Scstgx
TMF, Growth
GGrowth
^
!Type:Security
NAIM Value Fund
SAVLFX
TMF, Growth
GGrowth
^
!Type:Security
NAIM Wingarten
Sweinx
TMF, Growth
GGrowth
^
!Type:Security
NAir Products
Sapd
TStock
GGrowth
^
!Type:Security
NAmerican Express Company
SAXP
TLarge Cap Stock
GGrowth
^
!Type:Security
NAmerican Internat
SAIG
TLarge Cap Stock
GGrowth
^
!Type:Security
NAmgen Incorporated
SAMGN
TStock
GGrowth
^
!Type:Security
NAmsouth Bancorp
SASO
TStock
GGrowth
^
!Type:Security
NAnheuser Busch Companies
SBUD
TLarge Cap Stock
^
!Type:Security
NAOL Time Warner Incorporated
SAOL
TLarge Cap Stock
GGrowth
^
!Type:Security
NApple
Saapl
TStock
^
!Type:Security
NAspect Communication Corp
SASPT
TStock
GGrowth
^
!Type:Security
NAssociates Corp N
S#046003ew5
TBond/CD
GIncome
^
!Type:Security
NAt &  T, Liberty Media
SLMG.A
TStock
GGrowth
^
!Type:Security
Nbank of america
Sbac
TStock
^
!Type:Security
NBarringer Tecnolog
SBARR
TStock
GGrowth
^
!Type:Security
NBaxter International Incorp
SBAX
TLarge Cap Stock
GGrowth
^
!Type:Security
NBellsouth Tellecom
S#079867ac1
TBond/CD
GIncome
^
!Type:Security
NBergen Brunswig
TStock
GGrowth
^
!Type:Security
NBeverly enterprise
Sbev
TStock
GGrowth
^
!Type:Security
NBiogen Incorporate
SBGEN
TLarge Cap Stock
GGrowth
^
!Type:Security
NBorders Group Inc.
SBGP
TStock
GGrowth
^
!Type:Security
NBristol-Myers
SBMY
TStock
GGrowth
^
!Type:Security
NCardinal Health Incorporated
SCAH
TStock
GGrowth
^
!Type:Security
NCarib-Med
TStock
GHigh Risk
^
!Type:Security
NCarlyle Real Estat
TLimited Partner
GGrowth
^
!Type:Security
Ncash
Tcash/Money Mark
GIncome
^
!Type:Security
Ncash1
Tcash/Money Mark
^
!Type:Security
NCD January 2,1998
TBond/CD
GIncome
^
!Type:Security
NCD July 1,1998
TBond/CD
GIncome
^
!Type:Security
NCentury Partners
TLimited Partner
GGrowth
^
!Type:Security
NCerebral Technolog
TStock
^
!Type:Security
NChamberlain Funding Group
TStock / Restric
GGrowth
^
!Type:Security
NChamberlain Funding Group,Inc.
TStock / Restric
GGrowth
^
!Type:Security
NCheck to Mike
Tcash/Money Mark
^
!Type:Security
NChem Trust of CA
TStock
^
!Type:Security
NCHINA LIFE INS CO LTD SPSRD ADR RPS H
SLFC
TStock
^
!Type:Security
NCiggarettes by Mail
TSmall Cap Stock
GHigh Risk
^
!Type:Security
NCisco Systems
SCSCO
TStock
GGrowth
^
!Type:Security
NCisco Systems Inc.
SCSCO
TStock
GGrowth
^
!Type:Security
NCitigroup Incorporated
SC
TStock
GGrowth
^
!Type:Security
NClinicorp
Sback
TStock
GGrowth
^
!Type:Security
NClorox Comany
SCLX
TStock
GGrowth
^
!Type:Security
NCMCS
TSmall Cap Stock
GIncome
^
!Type:Security
NCoca Cola Company
SKO
TLarge Cap Stock
GGrowth
^
!Type:Security
NCole National Grou
S#193292aa7
TBond/CD
GIncome
^
!Type:Security
NCOOMSAT Capital
SCQ.PRA
TStock
GIncome
^
!Type:Security
NCoram Healthcare C
SCRH
TStock
GGrowth
^
!Type:Security
NCordis Corporation
SCORD
TStock
GGrowth
^
!Type:Security
NCostco
SCOST
TStock
^
!Type:Security
NCredit Interest Pr
Tcash/Money Mark
GIncome
^
!Type:Security
NCypress
TLimited Partner
^
!Type:Security
NDavis New York Ven
SNYVTX
TMF, Growth
GGrowth
^
!Type:Security
NDell Computer Corporation
SDELL
TStock
GGrowth
^
!Type:Security
NDendron Corporatio
TStock / Restric
GHigh Risk
^
!Type:Security
NDisney
SDIS
TStock
GGrowth
^
!Type:Security
NEckerd Corporation
SECK
TStock
GGrowth
^
!Type:Security
NElectronic Data Systems Corpor
SEDS
TStock
GGrowth
^
!Type:Security
NEMC Corporation Massachusetts
SEMC
TStock
GGrowth
^
!Type:Security
NFalcon Cables Syst
Sfal
TLimited Partner
GGrowth
^
!Type:Security
NFederal Home Loan Mortgage cor
SFRE
TStock
GGrowth
^
!Type:Security
NFederal Home Morta
SFHLB
TBond/CD
GIncome
^
!Type:Security
NFederal Home Mortaage Corp
TBond/CD
GIncome
^
!Type:Security
NFederal National Mortgage Asso
SFNM
TStock
GGrowth
^
!Type:Security
NFedex Corporation
SFDX
TStock
GGrowth
^
!Type:Security
NFidelity Advisor G
SFAGOX
TMF, Growth
GGrowth
^
!Type:Security
NFidelity Medical
Sfmsi
TStock
GGrowth
^
!Type:Security
NFirst Data Corporatioon
SFDC
TStock
GGrowth
^
!Type:Security
NFL Board Education
TBond/CD
GIncome
^
!Type:Security
NFORD MOTOR COMPANY DEL
SF
TStock
^
!Type:Security
NFoundation
TLimited Partner
GGrowth
^
!Type:Security
NFPA Paramount Fund
SFPRAX
TMF, Growth
GGrowth
^
!Type:Security
NFranklin/Templeton Beacon
STEBIX
TMF, Internation
GGrowth
^
!Type:Security
NFranklin/Templeton Discovery
STEDIX
TMF, Internation
GGrowth
^
!Type:Security
NGeneral Electric Company
SGE
TStock
GGrowth
^
!Type:Security
NGenzyme Corporatio
SGENZ
TStock
GGrowth
^
!Type:Security
NGillette Company
SG
TLarge Cap Stock
GGrowth
^
!Type:Security
NGillette Company2
TStock
^
!Type:Security
NGobalstar Telecommunications L
SGSTRF
TSmall Cap Stock
GGrowth
^
!Type:Security
NGreenbrier
TLimited Partner
GIncome
^
!Type:Security
NGuidant Corporation
SGDT
TStock
GGrowth
^
!Type:Security
NHBO and Company
SHBOC
TStock
GGrowth
^
!Type:Security
NHealth Factors
TStock / Restric
GGrowth
^
!Type:Security
NHeritage Cash
Tcash/Money Mark
GLow Risk
^
!Type:Security
NHeritage Smallcap
SHRSCX
TMF, Growth
GGrowth
^
!Type:Security
NHome Depot Inc
SHD
TStock
GGrowth
^
!Type:Security
NHome Financial Cor
SHOFL
TLarge Cap Stock
GGrowth
^
!Type:Security
NHP
Shpq
TStock
^
!Type:Security
NIBM
SIBM
TStock
GGrowth
^
!Type:Security
NIllinois Tool Works
SITW
TStock
GGrowth
^
!Type:Security
NInovtive Clinical Solutoions
SICSL
TStock
^
!Type:Security
NIntel Corporation
SINTC
TStock
GGrowth
^
!Type:Security
Nintu
Sintu
TStock
^
!Type:Security
Nional Semiconductor Corporatio
SNSM
TStock
GGrowth
^
!Type:Security
NIRA - Susie
TMF, Growth
GGrowth
^
!Type:Security
NIRA Account
TMF, Growth
GGrowth
^
!Type:Security
NJanus Overseas Fund
SJAOSX
TMF, Internation
GGrowth
^
!Type:Security
NJanus Worldwide Fu
SJAWWX
TMF, Internation
GGrowth
^
!Type:Security
NJDS Uniphase Corporation
SJDSU
TLarge Cap Stock
^
!Type:Security
NJohnson & Johnson
SJNJ
TLarge Cap Stock
GGrowth
^
!Type:Security
NJones Intercable
Sjoin
TLimited Partner
GGrowth
^
!Type:Security
NKohls Corporation
SKSS
TStock
GGrowth
^
!Type:Security
NLiving Centers
SLCA
TStock
GGrowth
^
!Type:Security
NLSI Logic Corporation
Slsi
TStock
GGrowth
^
!Type:Security
NLucent technologies Inc.
SLU
TStock
GGrowth
^
!Type:Security
NManaged Account
TMF, Growth
GGrowth
^
!Type:Security
NMashreque Bank
S#574782bf4
TBond/CD
GIncome
^
!Type:Security
NMcdata Corporation
Smcdta
TStock
^
!Type:Security
NMCI Worldcom Inc.
SWCOM
TStock
GGrowth
^
!Type:Security
NMedtronic Incorporated
SMDT
TStock
GGrowth
^
!Type:Security
NMerck&Company Inco
SMRK
TLarge Cap Stock
GGrowth
^
!Type:Security
NMFS Fixed Fund
Tcash/Money Mark
GIncome
^
!Type:Security
NMicrosoft Corporation
SMSFT
TStock
GGrowth
^
!Type:Security
NMorgan Stanley Dean Witter & C
SMWD
TStock
GGrowth
^
!Type:Security
NMotorola Incorporated
SMOT
TStock
GGrowth
^
!Type:Security
NMountainwest Finan
S#62450van6
TBond/CD
GIncome
^
!Type:Security
NMSDW Dividend Growth
SDIVBX
TMF, Growth
GGrowth
^
!Type:Security
NMSDW Dividend Growth, A
SDIVAX
TMutual Fund
^
!Type:Security
NMSDW Globle Dividend
SGLBBX
TMF, Growth
GGrowth
^
!Type:Security
NMSDW Globle Dividend, A
SGLBAX
TMutual Fund
^
!Type:Security
NMSDW Value-Added
SVADBX
TMF, Growth
GGrowth
^
!Type:Security
NMSDW Value-Added, A
SVADAX
TMutual Fund
^
!Type:Security
NNABI Corporation
SNABI
TSmall Cap Stock
GGrowth
^
!Type:Security
NNationsBank Corporation
SNB
TStock
GGrowth
^
!Type:Security
NNeoprobe Inc
SNEOP
TSmall Cap Stock
GGrowth
^
!Type:Security
NNewport Technology
SNEWP
TSmall Cap Stock
GGrowth
^
!Type:Security
NNokio
SNOK
TStock
GGrowth
^
!Type:Security
NNortel Networks Corporation
SNT
TLarge Cap Stock
GGrowth
^
!Type:Security
NNorwest Financial
S#669383cn9
TBond/CD
GIncome
^
!Type:Security
NNovacare Inc
SNOV
TStock
GGrowth
^
!Type:Security
NNutmeg Industies
SNTM
TStock
GGrowth
^
!Type:Security
NOmnicom Group Inc.
SOMC
TStock
GGrowth
^
!Type:Security
NOppenheimer/Mainst
SMSIGX
TMF, Growth
GGrowth
^
!Type:Security
NParadyne Network Incorporated
SPDYN
TLarge Cap Stock
GGrowth
^
!Type:Security
NPaychex
SPAYX
TStock
GGrowth
^
!Type:Security
NPeoplesoft Inc.
SPSFT
TStock
GGrowth
^
!Type:Security
NPfizer Inc.
SPFE
TStock
GGrowth
^
!Type:Security
NPharmacy Managemen
SPMSV
TStock
GGrowth
^
!Type:Security
NPhoenix Growth Fun
SPHGRX
TMF, Growth
GGrowth
^
!Type:Security
NPioneer II
Spiotx
TMF, Growth
GGrowth
^
!Type:Security
NPioneer ll
TMoney Market Fu
^
!Type:Security
NProjectavision Inc
SPJTV
TStock
GGrowth
^
!Type:Security
NPutnam Conv. Inc. Growth
SPCONX
TMF Grow & Incom
GIncome
^
!Type:Security
NPutnam Globle Growth
SPEQUX
TMF, Internation
GGrowth
^
!Type:Security
NPutnam Growth,Inco
SPGRWx
TMF, Growth
GGrowth
^
!Type:Security
NPutnam New Opportu
SPNOPX
TMF, Growth
GGrowth
^
!Type:Security
NPutnam OTC Emerging
SPOEGX
TMF, Growth
GGrowth
^
!Type:Security
NPutnam Voyager
SPVOYX
TMF, Growth
GGrowth
^
!Type:Security
NRamsay HMO
Srhmo
TStock
GGrowth
^
!Type:Security
NRaymond James
Srjf
TStock
GGrowth
^
!Type:Security
NRaymond James Bank
Tcash/Money Mark
GLow Risk
^
!Type:Security
NReal Estate Partnership
TStock
^
!Type:Security
NRepublic Industries Inc.
SRII
TStock
GGrowth
^
!Type:Security
NResidual Partners
TLimited Partner
GIncome
^
!Type:Security
NRJ Residuals
TLimited Partner
GIncome
^
!Type:Security
NSamson Energy
Ssam
TLimited Partner
GGrowth
^
!Type:Security
NSara Lee Corporation
SSLE
TLarge Cap Stock
GGrowth
^
!Type:Security
NSchering Plough Corporation
SSGP
TStock
GGrowth
^
!Type:Security
NSchwab Charles Corporatioon
SSCH
TStock
GGrowth
^
!Type:Security
NSds
SSDS
TStock
GGrowth
^
!Type:Security
NSeligman Capital
Sscfix
TMF, Growth
GGrowth
^
!Type:Security
NShells Seafood
SSHLL
TSmall Cap Stock
GGrowth
^
!Type:Security
NSogen Internation
SSGENX
TMF, Internation
GGrowth
^
!Type:Security
NSogen overseas fun
SSGOVX
TMF, Internation
GGrowth
^
!Type:Security
NSolectron Corporation
SSLR
TLarge Cap Stock
GGrowth
^
!Type:Security
NSun Microsystems Incorporated
SSUNW
TStock
GGrowth
^
!Type:Security
NSunstyle Corp
Sssco
TSmall Cap Stock
GGrowth
^
!Type:Security
NSuperior Bank
TCD
GIncome
^
!Type:Security
NSycamore Networks Incoporporat
SSCMR
TStock
GGrowth
^
!Type:Security
NTEC  Cerebral
TStock
^
!Type:Security
NTellabs Inc
STLAB
TStock
GGrowth
^
!Type:Security
NTempleton Develepi
STEDMX
TMF, Internation
GGrowth
^
!Type:Security
NTempleton Foreign
STEMFX
TMF, Internation
GGrowth
^
!Type:Security
NTempleton Growth
STEPLX
TMF, Internation
GGrowth
^
!Type:Security
NTexas Instruments Incoporated
STXN
TStock
GGrowth
^
!Type:Security
NThe Travelers Group Inc.
STRV
TStock
GGrowth
^
!Type:Security
NThermo Electron Co
STMO
TStock
GGrowth
^
!Type:Security
NThermo Instrument
STHI
TStock
GGrowth
^
!Type:Security
NThornburg Florida
STHFLX
TBond/CD
GIncome
^
!Type:Security
NTime Warner Incorporated
STWX
TLarge Cap Stock
GGrowth
^
!Type:Security
NUnisys Corporation
S#909214aw8
TBond/CD
GIncome
^
!Type:Security
NUnited Parcel Service
SUPS
TStock
GGrowth
^
!Type:Security
NUniversal Electron
Sx
TStock
GGrowth
^
!Type:Security
NUVN
SUVN
TStock
GGrowth
^
!Type:Security
NVanguard Index Trus
SVFINX
TMF, Growth
GGrowth
^
!Type:Security
NVanguard Prime Money Market Fund
SVMMXX
TMutual Fund
^
!Type:Security
NVanguard Total Bond Market Index Fund Investor Shares
SVBMFX
TMutual Fund
^
!Type:Security
NVentritex Inc
Sx
TStock
GGrowth
^
!Type:Security
NVenture Advisers L
TMF, Growth
GIncome
^
!Type:Security
NVeritas Software Company
SVRTS
TLarge Cap Stock
GGrowth
^
!Type:Security
NVindicator
Sx
TStock
GGrowth
^
!Type:Security
NVindicator 144
TStock / Restric
GHigh Risk
^
!Type:Security
NWalgreen Company
SWAG
TStock
GGrowth
^
!Type:Security
NWal-Mart Stores Inc.
SWMT
TStock
GGrowth
^
!Type:Security
NWarner Lambert Company
SWLA
TStock
GGrowth
^
!Type:Security
NWASHINGTON MUTUAL INC
SWM
TStock
^
!Type:Security
NWELLS FARGO & CO NEW
SWFC
TStock
^
!Type:Security
NYahoo
Syhoo
TStock
^
!Type:Security
NZero Note 92'
TZero Coupon Not
GIncome
^
!Type:Security
NZero Note 95'
TZero Coupon Not
GIncome
^
!Type:Security
NZero Note 96'
TZero Coupon Not
GIncome
^
!Option:AutoSwitch
!Account
NChecking
TBank
^
!Type:Bank 
D12/ 5' 2
U0.00
T0.00
CX
POpening Balance
L[Checking]
^
!Account
NHeritage-Mike
DMoney market
TBank
^
!Type:Bank 
D9/29/92
U51,942.46
T51,942.46
CX
POpening Balance
L[Heritage-Mike]
^
D9/30/92
U104.53
T104.53
PInterest earned
^
D10/25/92
U-50,000.00
T-50,000.00
PThomas Stanley
MBuy Carib-Med stock
^
D10/30/92
U142.96
T142.96
PInterest earned
^
D11/16/92
U-31.64
T-31.64
PInterest earned
^
D11/27/92
U4.22
T4.22
PInterest earned
^
D12/31/92
U5.57
T5.57
PInterest earned
^
D12/31/92
U0.00
T0.00
^
D1/29/93
U4.70
T4.70
PInterest earned
^
D2/26/93
U4.48
T4.48
PInterest earned
^
D3/26/93
U3.60
T3.60
PInterest earned
^
D4/30/93
U4.89
T4.89
PInterest earned
^
D5/28/93
U3.91
T3.91
PInterest earned
^
D6/25/93
U3.92
T3.92
PInterest earned
^
D7/30/93
U4.95
T4.95
PInterest earned
^
D8/27/93
U4.01
T4.01
PInterest earned
^
D9/30/93
U3.99
T3.99
PInterest earned
^
D10/29/93
U5.00
T5.00
PInterest earned
^
D11/26/93
U4.10
T4.10
PInterest Earned
^
D12/31/93
U5.28
T5.28
PInterest Earned
^
D1/28/94
U4.22
T4.22
PInterest Earned/m
L_IntInc
^
D2/25/94
U4.12
T4.12
PInterest Earned/m
L_IntInc
^
D3/25/94
U4.49
T4.49
PInterest Earned/m
L_IntInc
^
D4/29/94
U6.19
T6.19
PInterest Earned/m
L_IntInc
^
D5/24/94
U4.82
T4.82
PInterest earned
L_IntInc
^
D5/25/94
U-2,244.77
T-2,244.77
PClose account
^
!Account
NHeritage-Susie
DMoney Market
TBank
^
!Type:Bank 
D12/30/92
U54,665.86
T54,665.86
CX
POpening Balance
L[Heritage-Susie]
^
D12/31/92
U20,260.55
T20,260.55
PDeposit
^
D12/31/92
U0.00
T0.00
^
D7/30/93
U-12,205.60
T-12,205.60
PCorrect balance
^
D8/27/93
U114.55
T114.55
PInterest earned
L[Heritage-Susie]
^
D9/28/93
U114.20
T114.20
PInterest earned
L[Heritage-Susie]
^
D10/26/93
U-5,000.00
T-5,000.00
PSell shares
^
D10/29/93
U142.59
T142.59
PInterst earned
^
D11/26/93
U107.70
T107.70
PInterest Earned
^
D12/31/93
U-26,887.27
T-26,887.27
PSell shares
^
D1/28/94
U59.46
T59.46
PInterest Earned
L_IntInc
^
D2/25/94
U58.14
T58.14
PInterest earned
L_IntInc
^
D3/25/94
U63.31
T63.31
PInterest earned
L_IntInc
^
D3/29/94
U20,000.00
T20,000.00
PTransfer from checking
^
D4/29/94
U136.76
T136.76
PInterest earned
L_IntInc
^
D5/27/94
U124.91
T124.91
PInterest Earned
L_IntInc
^
D6/24/94
U136.52
T136.52
PInterest Earned
L_IntInc
^
D7/29/94
U183.55
T183.55
PInterest earned
L_IntInc
^
D8/29/94
U151.32
T151.32
PInterest Earned
L_IntInc
^
D9/30/94
U200.39
T200.39
NDEP
PInterest earned
L_IntInc
^
D10/24/94
U15,000.00
T15,000.00
PTransfer from checking
^
D10/28/94
U175.27
T175.27
NDEP
PInterest earned
L_IntInc
^
D11/25/94
U230.15
T230.15
NDEP
PInterest earned
L_IntInc
^
D12/30/94
U321.82
T321.82
NDEP
PInterest earned
L_IntInc
^
D1/30/95
U269.69
T269.69
NDEP
PInterest earned
L_IntInc
^
D2/24/95
U275.64
T275.64
NDEP
PInterest earned
L_IntInc
^
D3/31/95
U353.82
T353.82
NDEP
PInterest earned
L_IntInc
^
D4/28/95
U283.72
T283.72
NDEP
PInterest earned
L_IntInc
^
D5/26/95
U283.41
T283.41
NDEP
PInterest earned
L_IntInc
^
D6/30/95
U351.28
T351.28
NDEP
PInterest earned
L_IntInc
^
D7/28/95
U276.65
T276.65
NDEP
PInterest earned
L_IntInc
^
D8/25/95
U272.36
T272.36
NDEP
PInterest earned
L_IntInc
^
D9/29/95
U340.24
T340.24
NDEP
PInterest earned
L_IntInc
^
D10/27/95
U273.74
T273.74
NDEP
PInterest earned
L_IntInc
^
D11/24/95
U274.58
T274.58
NDEP
PInterest earned
L_IntInc
^
D12/29/95
U342.13
T342.13
NDEP
PInterest earned
L_IntInc
^
D1/28/96
U270.51
T270.51
NDEP
PInterest earned
L_IntInc
^
D1/29/96
U-72,021.95
T-72,021.95
NTXFR
PTransfer Money
L[SUW Elite Check]
^
!Account
NMWC Elite Check
D50453555
TBank
^
!Type:Bank 
D12/31/99
U14,658.90
T14,658.90
CX
POpening Balance
L[MWC Elite Check]
^
D1/ 2' 0
U680.61
T680.61
CX
NDEP
PChamaberlain Funding Group, Inc.
MSalery,1999
LEarned:Salary
^
D1/ 2' 0
U396.61
T396.61
CX
NDEP
PChamaberlain Funding Group, Inc.
MExpenses ,1999
LBusiness expen:Chamberlain
^
D1/ 5' 0
U0.00
T0.00
CX
P**VOID**Travelers Bank
L[Quicken Visa]
ATRAVELERS BANK
AP.O. BOX 660745
ADALLAS, TX 75266-0745
A
A
^
D1/ 7' 0
U3,371.45
T3,371.45
CX
NDEP
PBio Arc
MSalary
LEarned:Salary
^
D1/ 7' 0
U-759.37
T-759.37
CX
N5198
PMercedes-Benz Credit Corporation
MLease E320
LAuto:E320
^
D1/ 8' 0
U522.92
T522.92
CX
NDEP
PBio Arc
MExpenses
LBusiness expen:Bio Arc
^
D1/11' 0
U-136.74
T-136.74
CX
N5199
PTECO
LHouse exp:Electricity
ATECO
AP.O. Box 31318
ATampa, FL 33631-3318
A
A
^
D1/12' 0
U-2,500.00
T-2,500.00
CX
N562
PMason Marine Construction
MFirst payment on sea wall
L[Bayshore Home]
^
D1/14' 0
U-201.92
T-201.92
CX
N5200
PGTE Florida
LHouse exp:Phone
AGTE Florida
AP O Box 31122
ATampa, FL 33631-3122
A
A
^
D1/16' 0
U-8.33
T-8.33
CX
N5201
PPeoples Gas
MMonthly gas
LHouse exp:Gas
APeoples Gas
AP.O. Box 31017
ATampa, FL 33637-3017
A
A
^
D1/18' 0
U-58.18
T-58.18
CX
N5202
PCity Of Tampa Utilitie
MOct
LHouse exp:Water & sewage
ACity Of Tampa Utilitie
AP.O. Box 30191
ATampa, FL 33630-3191
A
A
^
D1/21' 0
U3,371.45
T3,371.45
CX
NDEP
PBio Arc
MSalary
LEarned:Salary
^
D1/21' 0
U0.00
T0.00
CX
P**VOID**JN Electric Of Tampa
MInstall light fixtures in forier & dinning room
L[Bayshore Home]
^
D1/24' 0
U-150.00
T-150.00
CX
N563
PEPC
MPermit for dock
L[Bayshore Home]
^
D1/24' 0
U-75.00
T-75.00
CX
N564
PTPA
MPermit for dock
L[Bayshore Home]
^
D1/26' 0
U-58.60
T-58.60
CX
N565
PDoug Beldon Tax Collector
MMersadies  liecence
LAuto:Misc
^
D1/28' 0
U-155.86
T-155.86
CX
N5204
PH I Athletic Club
LLeasure:Athletic Club
AH I Athletic Club
A900 S Harbour Island Blvd
ATampa, FL 33602
A
A
^
D1/28' 0
U-138.65
T-138.65
CX
N5205
PTampa Tribune
MAnnual renewal
LHouse exp:Misc purchases
ATampa Tribune
AP. O. Box 30085
ATampa, FL 33630
A
A
^
D1/28' 0
U-2,475.49
T-2,475.49
CX
N5206
PTravelers Bank
L[Quicken Visa]
ATRAVELERS BANK
AP.O. BOX 660745
ADALLAS, TX 75266-0745
A
A
^
D1/28' 0
U-5.97
T-5.97
CX
N5207
PGTE Mobilnet
LBusiness expen:Mobile phone
AGTE Mobilnet
AP.O. Box 630025
ADallas, TX 75263-0025
A
A
^
D1/28' 0
U-40.21
T-40.21
CX
N5208
PTime Warner
MCable TV
LHouse exp:Cable TV
ATime Warner
AP.O. Box 30765
ATampa, FL 33606
A
A
^
D1/28' 0
U-759.37
T-759.37
CX
N5209
PMercedes-Benz Credit Corporation
MLease E320
LAuto:E320
^
D1/31' 0
U188.40
T188.40
CX
PCOOMSAT Capital
L[MWC Elite Inves]
^
D1/31' 0
U70.94
T70.94
CX
PInterest Earned
L_IntInc
^
D2/ 1' 0
U0.02
T0.02
CX
PBristol-Myers
L[MWC Elite Inves]
^
D2/ 1' 0
U-100.00
T-100.00
CX
N566
PColony Friends Church
MEdith Niles
LCharity
^
D2/ 1' 0
U-4,662.06
T-4,662.06
CX
N5203
PCountrywide Home Loans
MBayshore mortgage
L[Mortage Bayshore]
S[Mortage Bayshore]
$-573.87
SHouse exp:Mortgage
$-4,088.19
^
D2/ 4' 0
U3,371.45
T3,371.45
CX
NDEP
PBio Arc
MSalary
LEarned:Salary
^
D2/ 4' 0
U-74.00
T-74.00
CX
N5210
PSandra G Cahill Dds Tampa FL
MCleaning
LLiving exp:Medical-dental
ASandra G Cahill Dds Tampa FL
A3333 Henderson Blvd.
ASuite 120
ATampa, FL 33609
A
^
D2/ 9' 0
U-184.59
T-184.59
CX
N5211
PTECO
LHouse exp:Electricity
ATECO
AP.O. Box 31318
ATampa, FL 33631-3318
A
A
^
D2/12' 0
U0.06
T0.06
CX
PBalance Adjustment
LBalance adjust
^
D2/15' 0
U-9.40
T-9.40
CX
N5212
PPeoples Gas
MMonthly gas
LHouse exp:Gas
APeoples Gas
AP.O. Box 31017
ATampa, FL 33637-3017
A
A
^
D2/17' 0
U56.25
T56.25
CX
PFoundation
L[Mike Misc Inves]
^
D2/18' 0
U3,371.45
T3,371.45
CX
NDEP
PBio Arc
MSalary
LEarned:Salary
^
D2/18' 0
U-16.00
T-16.00
CX
N567
PCity Of Tampa Parking Division
MOut of date lince
LBusiness expen:Misc
^
D2/18' 0
U-730.00
T-730.00
CX
N5213
PMichael C. Addison
MBio Arc employment contract
LBusiness expen:Bio Arc
^
D2/18' 0
U-116.36
T-116.36
CX
N5215
PPODS
MPODS rental
L[Bayshore Home]
^
D2/21' 0
U-300.00
T-300.00
CX
N568
PNASD Regulations Inc.
MPay for Rusall Hunt S-24
LBusiness expen:Chamberlain
^
D2/21' 0
U-616.16
T-616.16
CX
N5216
PAmerican Express
L[American Expres]
AAmerican Express
AP.O. Box 407135
AFt. Lauderdale, FL 33340-7135
A
A
^
D2/22' 0
U-66.46
T-66.46
CX
N5214
PCity Of Tampa Utilitie
MOct
LHouse exp:Water & sewage
ACity Of Tampa Utilitie
AP.O. Box 30191
ATampa, FL 33630-3191
A
A
^
D2/23' 0
U-155.86
T-155.86
CX
N5217
PH I Athletic Club
LLeasure:Athletic Club
AH I Athletic Club
A900 S Harbour Island Blvd
ATampa, FL 33602
A
A
^
D2/24' 0
U-1,066.93
T-1,066.93
CX
N5218
PTravelers Bank
L[Quicken Visa]
ATRAVELERS BANK
AP.O. BOX 660745
ADALLAS, TX 75266-0745
A
A
^
D2/28' 0
U-44.42
T-44.42
CX
N5220
PTime Warner
MCable TV
LHouse exp:Cable TV
ATime Warner
AP.O. Box 30765
ATampa, FL 33606
A
A
^
D2/29' 0
U188.40
T188.40
CX
PCOOMSAT Capital
L[MWC Elite Inves]
^
D3/ 1' 0
U-4,662.06
T-4,662.06
CX
N5219
PCountrywide Home Loans
MBayshore mortgage
L[Mortage Bayshore]
S[Mortage Bayshore]
$-577.39
SHouse exp:Mortgage
$-4,084.67
^
D3/ 3' 0
U3,371.45
T3,371.45
CX
NDEP
PBio Arc
MSalary
LEarned:Salary
^
D3/ 3' 0
U-9.95
T-9.95
CX
PCHECKFREE CORP.
MON-LINE SVCS. MONTHLY FEE
^
D3/ 4' 0
U-9.95
T-9.95
CX
PCHECKFREE CORP.
MON-LINE SVCS. MONTHLY FEE
LBusiness expen:Misc
^
D3/10' 0
U-229.65
T-229.65
CX
N5221
PTECO
LHouse exp:Electricity
ATECO
AP.O. Box 31318
ATampa, FL 33631-3318
A
A
^
D3/11' 0
U-9.95
T-9.95
CX
PCHECKFREE CORP.
MON-LINE SVCS. MONTHLY FEE
^
D3/12' 0
U63.45
T63.45
CX
PInterest Earned
L_IntInc
^
D3/12' 0
U-9.95
T-9.95
CX
PCHECKFREE CORP.
MON-LINE SVCS. MONTHLY FEE
^
D3/12' 0
U-9.95
T-9.95
CX
PCHECKFREE CORP.
MON-LINE SVCS. MONTHLY FEE
^
D3/12' 0
U-9.95
T-9.95
CX
PCHECKFREE CORP.
MON-LINE SVCS. MONTHLY FEE
^
D3/14' 0
U47,583.89
T47,583.89
CX
L[MWC Elite Inves]
^
D3/15' 0
U-442.06
T-442.06
CX
N5225
PAmerican Express
L[American Expres]
^
D3/16' 0
U-70.00
T-70.00
CX
N573
PMike  Hillyard
LHouse exp:Lawn
^
D3/17' 0
U3,968.56
T3,968.56
CX
NDEP
PBio Arc
MSalary
LEarned:Salary
^
D3/17' 0
U-9.44
T-9.44
CX
N5222
PPeoples Gas
MMonthly gas
LHouse exp:Gas
APeoples Gas
AP.O. Box 31017
ATampa, FL 33637-3017
A
A
^
D3/17' 0
U-759.37
T-759.37
CX
N5226
PMercedes-Benz Credit Corporation
MLease E320
LAuto:E320
^
D3/17' 0
U-146.11
T-146.11
CX
N5227
PGTE Florida
LHouse exp:Phone
AGTE Florida
AP O Box 31122
ATampa, FL 33631-3122
A
A
^
D3/18' 0
U-100.00
T-100.00
CX
N571
PMaryland Alpha Of Phi Delta Theta
Mnews letter
LCharity
^
D3/20' 0
U-35.50
T-35.50
CX
N569
PUPS
MMail Taxes
LBusiness expen:Chamberlain
^
D3/20' 0
U-5,525.59
T-5,525.59
CX
N5223
PAbell Garcia Architects
MArchitectual servises
L[Bayshore Home]
AAbell Garcia Architects
A2201 Dekle Avenue
ATampa, FL 33606
A
A
^
D3/22' 0
U-58.18
T-58.18
CX
N5224
PCity Of Tampa Utilitie
MOct
LHouse exp:Water & sewage
ACity Of Tampa Utilitie
AP.O. Box 30191
ATampa, FL 33630-3191
A
A
^
D3/23' 0
U-205.86
T-205.86
CX
N5228
PH I Athletic Club
LLeasure:Athletic Club
AH I Athletic Club
A900 S Harbour Island Blvd
ATampa, FL 33602
A
A
^
D3/24' 0
U-340.00
T-340.00
CX
N5230
PPeninsular Landscape And Mainten
Mfill behind sea wall and sod
L[Bayshore Home]
^
D3/28' 0
U3,508.72
T3,508.72
CX
NDEP
PBio Arc
M401k refund for 1999
LEarned:Salary
^
D3/29' 0
U-36.00
T-36.00
CX
N5231
PTime Warner
MCable TV
LHouse exp:Cable TV
ATime Warner
AP.O. Box 30765
ATampa, FL 33606
A
A
^
D3/29' 0
U-1,204.63
T-1,204.63
CX
N5232
PTravelers Bank
L[Quicken Visa]
ATRAVELERS BANK
AP.O. BOX 660745
ADALLAS, TX 75266-0745
A
A
^
D3/29' 0
U-149.00
T-149.00
CX
N5233
PHomeguard Pest Control,Inc.
MSubterranean Termite Guarantee
LBayshore House:Purchase Expences
AHomeguard Pest Control,Inc.
A12585 Ulmerton Road
ALargo, FL 33774
A
A
^
D3/30' 0
U3,968.56
T3,968.56
CX
NDEP
PBio Arc
LEarned:Salary
^
D3/30' 0
U-804.32
T-804.32
CX
N572
PFlorida Department Of Revenew
MIntangables tax
LTax:Intangible
^
D3/31' 0
U246.63
T246.63
CX
PCOOMSAT Capital
L[MWC Elite Inves]
^
D3/31' 0
U62,613.73
T62,613.73
CX
L[MWC Elite Inves]
^
D3/31' 0
U335.34
T335.34
CX
PInterest Earned
L_IntInc
^
D3/31' 0
U-300.10
T-300.10
CX
PBalance Adjustment
LBalance adjust
^
D3/31' 0
U-759.37
T-759.37
CX
N5234
P**VOID**Mercedes-Benz Credit Corporation
MLease E320
LAuto:E320
^
D4/ 1' 0
U-4,662.06
T-4,662.06
CX
N5229
PCountrywide Home Loans
MBayshore mortgage
L[Mortage Bayshore]
S[Mortage Bayshore]
$-580.94
SHouse exp:Mortgage
$-4,081.12
^
D4/ 3' 0
U-38,651.56
T-38,651.56
CX
Pradyne Network Incorporated
L[MWC Elite Inves]
^
D4/ 4' 0
U147.39
T147.39
CX
L[MWC Elite Inves]
^
D4/ 4' 0
U-2,448.95
T-2,448.95
CX
PParadyne Network Incorporated
L[MWC Elite Inves]
^
D4/ 4' 0
U-22,157.05
T-22,157.05
CX
NTXFR
PTransfer Money
L[MWC Elite Inves]
^
D4/ 5' 0
U-840.40
T-840.40
CX
N5235
PNationwide Insuance
LAuto:Insurance
^
D4/10' 0
U-119.00
T-119.00
CX
N5236
PTECO
LHouse exp:Electricity
ATECO
AP.O. Box 31318
ATampa, FL 33631-3318
A
A
^
D4/14' 0
U3,968.56
T3,968.56
CX
NDEP
PBio Arc
MSalery
LBusiness expen:Bio Arc
^
D4/14' 0
U-116.36
T-116.36
CX
N5237
PPODS
MPODS rental
L[Bayshore Home]
^
D4/14' 0
U-8.33
T-8.33
CX
N5241
PPeoples Gas
MMonthly gas
LHouse exp:Gas
APeoples Gas
AP.O. Box 31017
ATampa, FL 33637-3017
A
A
^
D4/14' 0
U-110.00
T-110.00
CX
N5242
PJN Electric Of Tampa
MTemporary wire to sprinkler pump
L[Bayshore Home]
AJN Electric Of Tampa
A109 Whitaker Rd.
ALutz, FL 33549
A
A
^
D4/15' 0
U300.00
T300.00
CX
NDEP
PChamaberlain Funding Group, Inc.
MNASD for Hunt S24 test
LBusiness expen:Chamberlain
^
D4/15' 0
U32.26
T32.26
CX
NDEP
PMerrill Lynch
M401k close account
LBusiness expen:Chamberlain
^
D4/15' 0
U-70.00
T-70.00
CX
N573
PM CLUB FOUNDATION UNIVERSCOLLEGE
MHall of Fame  Student seats
LCharity
^
D4/15' 0
U-2,828.00
T-2,828.00
CX
N574
PInternal Revenue Service
M1999 Income tax
LTax:Fed
^
D4/17' 0
U-110.48
T-110.48
CX
N5238
PGTE Florida
LHouse exp:Phone
AGTE Florida
AP O Box 31122
ATampa, FL 33631-3122
A
A
^
D4/19' 0
U669.93
T669.93
CX
NDEP
PBio Arc
MTravel expences
LBusiness expen:Bio Arc
^
D4/19' 0
U-103.42
T-103.42
CX
N5239
PCity Of Tampa Utilitie
MOct
LHouse exp:Water & sewage
ACity Of Tampa Utilitie
AP.O. Box 30191
ATampa, FL 33630-3191
A
A
^
D4/23' 0
U-205.86
T-205.86
CX
N5243
PH I Athletic Club
LLeasure:Athletic Club
AH I Athletic Club
A900 S Harbour Island Blvd
ATampa, FL 33602
A
A
^
D4/27' 0
U3,968.56
T3,968.56
CX
NDEP
PBio Arc
MSalery
LEarned:Salary
^
D4/27' 0
U-1,645.16
T-1,645.16
CX
N5244
PTravelers Bank
L[Quicken Visa]
ATRAVELERS BANK
AP.O. BOX 660745
ADALLAS, TX 75266-0745
A
A
^
D4/27' 0
U-1,683.18
T-1,683.18
CX
N5245
PAmerican Express
L[American Expres]
AAmerican Express
AP.O. Box 407135
AFt. Lauderdale, FL 33340-7135
A
A
^
D4/28' 0
U301.99
T301.99
CX
PInterest Earned
L_IntInc
^
D4/30' 0
U-40.21
T-40.21
CX
N5246
PTime Warner
MCable TV
LHouse exp:Cable TV
ATime Warner
AP.O. Box 30765
ATampa, FL 33606
A
A
^
D5/ 1' 0
U246.63
T246.63
CX
PCOOMSAT Capital
L[MWC Elite Inves]
^
D5/ 1' 0
U-4,662.06
T-4,662.06
CX
N5240
PCountrywide Home Loans
MBayshore mortgage
L[Mortage Bayshore]
S[Mortage Bayshore]
$-584.51
SHouse exp:Mortgage
$-4,077.55
^
D5/ 5' 0
U-5,321.00
T-5,321.00
CX
N575
PCliff Smith
MThird payment on garage
LBayshore House
^
D5/ 5' 0
U-70.00
T-70.00
CX
N576
PMike  Hillyard
LHouse exp:Lawn
^
D5/ 6' 0
U-50.00
T-50.00
CX
N577
PChas Burdick
Mgraduation gift
LGifts
^
D5/12' 0
U3,968.56
T3,968.56
CX
NDEP
PBio Arc
MSalery
LEarned:Salary
^
D5/12' 0
U-794.93
T-794.93
CX
N5247
PMercedes-Benz Credit Corporation
MLease E320
LAuto:E320
^
D5/12' 0
U-96.04
T-96.04
CX
N5248
PTECO
LHouse exp:Electricity
ATECO
AP.O. Box 31318
ATampa, FL 33631-3318
A
A
^
D5/15' 0
U-201.75
T-201.75
CX
Patm
LCash/M
^
D5/15' 0
U-8.33
T-8.33
CX
N5249
PPeoples Gas
MMonthly gas
LHouse exp:Gas
APeoples Gas
AP.O. Box 31017
ATampa, FL 33637-3017
A
A
^
D5/15' 0
U-224.93
T-224.93
CX
N5250
PGTE Florida
LHouse exp:Phone
AGTE Florida
AP O Box 31122
ATampa, FL 33631-3122
A
A
^
D5/16' 0
U-117.50
T-117.50
CX
N578
PUSPS
MOver night letter to Directors
LBusiness expen:Bio Arc
^
D5/18' 0
U113,883.74
T113,883.74
CX
PVanguard Index Trus
L[MWC Elite Inves]
^
D5/18' 0
U-9.95
T-9.95
CX
PCHECKFREE CORP.
MON-LINE SVCS. MONTHLY FEE
^
D5/19' 0
U1,394.03
T1,394.03
CX
NDEP
PBio Arc
MExpenses
LBusiness expen:Bio Arc
^
D5/19' 0
U-20,000.00
T-20,000.00
CX
N579
PBarns Real Estate
MDeposit on Loadge Point property
LLoadge Point Property
^
D5/23' 0
U-59.33
T-59.33
CX
N5251
PCity Of Tampa Utilitie
MOct
LHouse exp:Water & sewage
ACity Of Tampa Utilitie
AP.O. Box 30191
ATampa, FL 33630-3191
A
A
^
D5/23' 0
U-2,398.14
T-2,398.14
CX
N5252
PAmerican Express
L[American Expres]
AAmerican Express
AP.O. Box 407135
AFt. Lauderdale, FL 33340-7135
A
A
^
D5/25' 0
U56.25
T56.25
CX
PFoundation
L[Mike Misc Inves]
^
D5/25' 0
U-205.56
T-205.56
CX
N5253
PH I Athletic Club
LLeasure:Athletic Club
AH I Athletic Club
A900 S Harbour Island Blvd
ATampa, FL 33602
A
A
^
D5/25' 0
U-116.36
T-116.36
CX
N5254
PPODS
MPODS rental
L[Bayshore Home]
^
D5/26' 0
U5,441.93
T5,441.93
CX
NDEP
PBio Arc
MSalery
LEarned:Salary
^
D5/26' 0
U52.44
T52.44
CX
NDEP
PBio Arc
Mexpenses
LBusiness expen:Bio Arc
^
D5/27' 0
U-19.95
T-19.95
CX
N5255
PTravelers Bank
L[Quicken Visa]
ATRAVELERS BANK
AP.O. BOX 660745
ADALLAS, TX 75266-0745
A
A
^
D5/29' 0
U-40.21
T-40.21
CX
N5256
PTime Warner
MCable TV
LHouse exp:Cable TV
ATime Warner
AP.O. Box 30765
ATampa, FL 33606
A
A
^
D5/30' 0
U-794.93
T-794.93
CX
N5258
PMercedes-Benz Credit Corporation
MLease E320
LAuto:E320
^
D5/31' 0
U246.63
T246.63
CX
PCOOMSAT Capital
L[MWC Elite Inves]
^
D5/31' 0
U266.61
T266.61
CX
PInterest Earned
L_IntInc
^
D5/31' 0
U-5.00
T-5.00
CX
PRaymond James & Assc.
MFunds transfer fee
LBusiness expen:Misc
^
D5/31' 0
U-100,000.00
T-100,000.00
CX
NTXFR
PTransfer Money
L[Tucker Point Lane]
^
D6/ 1' 0
U-4,662.06
T-4,662.06
CX
N5257
PCountrywide Home Loans
MBayshore mortgage
L[Mortage Bayshore]
S[Mortage Bayshore]
$-588.10
SHouse exp:Mortgage
$-4,073.96
^
D6/ 2' 0
U108.86
T108.86
CX
NDEP
PMerrill Lynch
M401k payout
^
D6/ 2' 0
U-2,755.00
T-2,755.00
CX
N580
PCliff Smith
MGarage
LBayshore House
^
D6/ 8' 0
U0.00
T0.00
CX
P**VOID**Balance Adjustment
LBalance adjust
^
D6/ 9' 0
U-132.98
T-132.98
CX
N5260
PTECO
LHouse exp:Electricity
ATECO
AP.O. Box 31318
ATampa, FL 33631-3318
A
A
^
D6/10' 0
U28,842.00
T28,842.00
CX
NDEP
PKendrick, Pierce & Company, Inc.
MSale of Chaimberlain
L_LT CapGnDst
^
D6/10' 0
U-1,520.00
T-1,520.00
CX
N581
PCliff Smith
MGarage
LBayshore House
^
D6/14' 0
U-3,052.93
T-3,052.93
CX
N5261
PAmerican Express
L[American Expres]
^
D6/16' 0
U-240.00
T-240.00
CX
N582
PDavid Price
MLandscaping plan, circular drive
L[Bayshore Home]
ADavid Price
A813 Campbell Ave.
ALake Wales, FL 33853
A
A
^
D6/16' 0
U-559.40
T-559.40
CX
N583
PTECO
MBury electrical power
L[Bayshore Home]
ATECO
AP.O. Box 31318
ATampa, FL 33631-3318
A
A
^
D6/16' 0
U-1,025.00
T-1,025.00
CX
N585
PCarson Plumbing
MRepair leak in living room cieling
LHouse exp:Home repair
^
D6/16' 0
U-116.36
T-116.36
CX
N5262
PPODS
MPODS rental
L[Bayshore Home]
^
D6/16' 0
U-47.14
T-47.14
CX
N5263
PGTE Florida
LHouse exp:Phone
AGTE Florida
AP O Box 31122
ATampa, FL 33631-3122
A
A
^
D6/19' 0
U-14.97
T-14.97
CX
N584
PDigital Photographer
Mmagazine
LLeasure:Photography
^
D6/21' 0
U-4,361.00
T-4,361.00
CX
N586
PCliff Smith
MGarage
LBayshore House
^
D6/21' 0
U-72.71
T-72.71
CX
N5264
PCity Of Tampa Utilitie
MOct
LHouse exp:Water & sewage
ACity Of Tampa Utilitie
AP.O. Box 30191
ATampa, FL 33630-3191
A
A
^
D6/22' 0
U100.00
T100.00
CX
NDEP
PAnne F. Wehle
MMike bithday
LGift Received
^
D6/22' 0
U50.00
T50.00
CX
NDEP
PHelen  Cole
MMike's birthday
LGift Received
^
D6/23' 0
U-206.16
T-206.16
CX
N5265
PH I Athletic Club
LLeasure:Athletic Club
AH I Athletic Club
A900 S Harbour Island Blvd
ATampa, FL 33602
A
A
^
D6/27' 0
U-1,310.00
T-1,310.00
CX
N588
PCliff Smith
MGarage
LBayshore House
^
D6/27' 0
U-759.37
T-759.37
CX
N5259
PMercedes-Benz Credit Corporation
MLease E320
LAuto:E320
^
D6/28' 0
U-1,121.00
T-1,121.00
CX
N587
PNationwide Insuance
MFlood insurance
LHouse exp:Insurance
^
D6/29' 0
U-186.57
T-186.57
CX
N5267
PCitibank
L[Quicken Visa]
ACitibank
AP.O. BOX 15109
AWilmington, DE 19850-5109
A
A
^
D6/30' 0
U246.63
T246.63
CX
PCOOMSAT Capital
L[MWC Elite Inves]
^
D6/30' 0
U-78.00
T-78.00
CX
N5271
PThomas E. Holbrook, D.D.S.
Mcleaning
LLiving exp:Medical-dental
AThomas E. Holbrook, D.D.S.
A1201 West Linebaugh Ave.
ATampa, FL 33612
A
A
^
D7/ 1' 0
U-4,662.06
T-4,662.06
CX
N5266
PCountrywide Home Loans
MBayshore mortgage
L[Mortage Bayshore]
S[Mortage Bayshore]
$-591.72
SHouse exp:Mortgage
$-4,070.34
^
D7/ 3' 0
U-302.25
T-302.25
CX
Patm
LCash/M
^
D7/ 6' 0
U-1,887.75
T-1,887.75
CX
N5268
PAbell Garcia Architects
MFinal house drawings
L[Bayshore Home]
AAbell Garcia Architects
A2201 Dekle Avenue
ATampa, FL 33606
A
A
^
D7/ 6' 0
U-682.00
T-682.00
CX
N5269
PAbell Garcia Architects
MGarage
L[Bayshore Home]
AAbell Garcia Architects
A2201 Dekle Avenue
ATampa, FL 33606
A
A
^
D7/ 6' 0
U-2,588.78
T-2,588.78
CX
N5270
PAbell Garcia Architects
MSide poarch
L[Bayshore Home]
AAbell Garcia Architects
A2201 Dekle Avenue
ATampa, FL 33606
A
A
^
D7/ 8' 0
U345.27
T345.27
CX
PInterest Earned
L_IntInc
^
D7/ 8' 0
U1,587.35
T1,587.35
CX
NDEP
PKendrick, Pierce & Company, Inc.
MJune Salery
LEarned:Salary
^
D7/ 8' 0
U1,587.35
T1,587.35
CX
NDEP
PKendrick, Pierce & Company, Inc.
MJune Salery
LEarned:Salary
^
D7/11' 0
U-21.97
T-21.97
CX
N5272
POutdoor Photographer
MMagazine
LLeasure:Photography
AOutdoor Photographer
AP.O. Box 577213
ABoulder, CO 80322
A
A
^
D7/12' 0
U-70.00
T-70.00
CX
N589
PMike  Hillyard
LHouse exp:Lawn
^
D7/13' 0
U0.00
T0.00
CX
P**VOID**PODS INC 000-0000000 FL
MStorage for garage
L[Bayshore Home]
^
D7/13' 0
U0.00
T0.00
CX
N587
P**VOID**TECO
MElectricity
LHouse exp:Electricity
ATECO
AP.O. Box 31318
ATampa, FL 33631-3318
A
A
^
D7/14' 0
U-75.00
T-75.00
CX
N5273
PBoxcroft, Inc.{Lawn Service}
LHouse exp:Lawn:Tuckers Point
^
D7/17' 0
U-208.11
T-208.11
CX
N5275
PGTE Florida
LHouse exp:Phone
AGTE Florida
AP O Box 31122
ATampa, FL 33631-3122
A
A
SHouse exp:Phone
$-127.11
SBayshore House
Ebury phone line
$-81.00
^
D7/17' 0
U-24.95
T-24.95
CX
N5276
PDigitalFoto
MMagazine
LLeasure:Photography
^
D7/17' 0
U-250.00
T-250.00
CX
N5277
PFoley & Lardner{David Writh}
MInvoice # 21042572
LBusiness expen:Legal
^
D7/18' 0
U-741.00
T-741.00
CX
N592
PCliff Smith
MGarage
LBayshore House
^
D7/19' 0
U-50.00
T-50.00
CX
N590
PSt James Episcopal Church
MDick Hunt mothers funeral
LGifts
^
D7/19' 0
U-60.47
T-60.47
CX
N5278
PCity Of Tampa Utilitie
MJune
LHouse exp:Water & sewage
ACity Of Tampa Utilitie
AP.O. Box 30191
ATampa, FL 33630-3191
A
A
^
D7/19' 0
U-1,496.52
T-1,496.52
CX
N5286
PAmerican Express
L[American Expres]
AAmerican Express
AP.O. Box 407135
AFt. Lauderdale, FL 33340-7135
A
A
^
D7/20' 0
U-200.00
T-200.00
CX
N591
PKathryn Murray
MHeating oil
LHeating Oil:Tuckers Point
^
D7/21' 0
U-84.63
T-84.63
CX
N5281
PTime Warner
MCable TV
LHouse exp:Cable TV
ATime Warner
AP.O. Box 30765
ATampa, FL 33606
A
A
^
D7/21' 0
U-19.94
T-19.94
CX
N5282
PPC Photo
MMagazine
LLeasure:Photography
^
D7/22' 0
U1,587.35
T1,587.35
CX
NDEP
PKendrick, Pierce & Company, Inc.
MJune Salery
LEarned:Salary
^
D7/23' 0
U-205.86
T-205.86
CX
N5279
PH I Athletic Club
LLeasure:Athletic Club
AH I Athletic Club
A900 S Harbour Island Blvd
ATampa, FL 33602
A
A
^
D7/25' 0
U-460.00
T-460.00
CX
N593
PCliff Smith
MGarage
LBayshore House
^
D7/26' 0
U0.00
T0.00
CX
P**VOID**JN Electric Of Tampa
MReposition overhead light in foreier
L[Bayshore Home]
AJN Electric Of Tampa
A109 Whitaker Rd.
ALutz, FL 33549
A
A
^
D7/26' 0
U0.00
T0.00
CX
P**VOID**JN Electric Of Tampa
MBury power to lawn pump
L[Bayshore Home]
AJN Electric Of Tampa
A109 Whitaker Rd.
ALutz, FL 33549
A
A
^
D7/28' 0
U-185.63
T-185.63
CX
N5283
PCitibank
L[Quicken Visa]
ACitibank
AP.O. BOX 15109
AWilmington, DE 19850-5109
A
A
^
D7/28' 0
U-74.00
T-74.00
CX
N5287
PSandra G Cahill Dds Tampa FL
MCleaning
LLiving exp:Medical-dental
ASandra G Cahill Dds Tampa FL
A3333 Henderson Blvd.
ASuite 120
ATampa, FL 33609
A
^
D7/30' 0
U-744.47
T-744.47
CX
N594
PW. Harold Lynch
MHot water heater, check heating system
L[Tucker Point Lane]
^
D7/31' 0
U56.25
T56.25
CX
PFoundation
L[Mike Misc Inves]
^
D7/31' 0
U246.63
T246.63
CX
PCOOMSAT Capital
L[MWC Elite Inves]
^
D7/31' 0
U217.77
T217.77
CX
PInterest Earned
L_IntInc
^
D7/31' 0
U-759.37
T-759.37
CX
N5274
PMercedes-Benz Credit Corporation
MLease E320
LAuto:E320
^
D8/ 1' 0
U-9.95
T-9.95
CX
PCHECKFREE CORP.
MON-LINE SVCS. MONTHLY FEE
LBusiness expen:Misc
^
D8/ 1' 0
U-301.00
T-301.00
CX
N5280
PTerminix International
MTermit treatment play house
LHouse exp:Insurance
ATerminix International
A9390 N. Florida Ave.
ATampa, FL 33612
A
A
^
D8/ 2' 0
U-4,662.06
T-4,662.06
CX
N5288
PCountrywide Home Loans
MBayshore mortgage
L[Mortage Bayshore]
S[Mortage Bayshore]
$-595.36
SHouse exp:Mortgage
$-4,066.70
^
D8/ 3' 0
U-7,694.00
T-7,694.00
CX
PSmith & Co. Contracting
MGarage
L[Bayshore Home]
^
D8/ 3' 0
U-582.00
T-582.00
CX
N595
PJN Electric Of Tampa
MSetup underground service
L[Bayshore Home]
AJN Electric Of Tampa
A109 Whitaker Rd.
ALutz, FL 33549
A
A
^
D8/ 8' 0
U1,587.35
T1,587.35
CX
NDEP
PKendrick, Pierce & Company, Inc.
MJune Salery
LEarned:Salary
^
D8/ 9' 0
U-230.00
T-230.00
CX
N5284
PAbell Garcia Architects
MSide poarch
L[Bayshore Home]
AAbell Garcia Architects
A2201 Dekle Avenue
ATampa, FL 33606
A
A
^
D8/ 9' 0
U-417.00
T-417.00
CX
N5285
PAbell Garcia Architects
MGarage
L[Bayshore Home]
AAbell Garcia Architects
A2201 Dekle Avenue
ATampa, FL 33606
A
A
^
D8/ 9' 0
U-301.19
T-301.19
CX
N5289
PTECO
MElectricity
LHouse exp:Electricity
ATECO
AP.O. Box 31318
ATampa, FL 33631-3318
A
A
^
D8/ 9' 0
U-1.22
T-1.22
CX
N5290
PPeoples Gas
MMonthly gas
LHouse exp:Gas
APeoples Gas
AP.O. Box 31017
ATampa, FL 33637-3017
A
A
^
D8/11' 0
U-2,804.60
T-2,804.60
CX
N596
PPaul Rever Insurance Group
LLiving exp:Ins:Disability
^
D8/13' 0
U0.00
T0.00
CX
N598
P**VOID**PODS
MPODS rental
L[Bayshore Home]
^
D8/13' 0
U-509.00
T-509.00
CX
N599
PCliff Smith
MGarage
LBayshore House
^
D8/13' 0
U-358.07
T-358.07
CX
N601
PPODS INC 000-0000000 FL
MStorage for garage
L[Bayshore Home]
^
D8/21' 0
U1,587.35
T1,587.35
CX
NDEP
PKendrick, Pierce & Company, Inc.
MJune Salery
LEarned:Salary
^
D8/21' 0
U-1,458.00
T-1,458.00
CX
N602
PCliff Smith
MGarage
L[Bayshore Home]
^
D8/21' 0
U-260.00
T-260.00
CX
N604
PWilkins Lawn & Home Service
MLawn, Tuckers Point
LHouse exp:Lawn:Tuckers Point
^
D8/23' 0
U-777.13
T-777.13
CX
N5293
PAmerican Express
L[American Expres]
^
D8/25' 0
U-364.00
T-364.00
CX
N5294
PJN Electric Of Tampa
MSetup underground service
L[Bayshore Home]
AJN Electric Of Tampa
A109 Whitaker Rd.
ALutz, FL 33549
A
A
^
D8/25' 0
U-2.36
T-2.36
CX
N5295
PVA POWER/NC POWER   888-667-3000
MVA POWER/NC POWER   888-667-3000      TX  015466252 UT
LHouse exp:Electricity:Tuckers Point
^
D8/25' 0
U-69.72
T-69.72
CX
N5296
PCity Of Tampa Utilitie
MJune
LHouse exp:Water & sewage
^
D8/25' 0
U-6.00
T-6.00
CX
N5297
PChubb Group Of Insurance Company
MHouse insurance
LHouse exp:Insurance
^
D8/25' 0
U-205.86
T-205.86
CX
N5298
PH I Athletic Club
LLeasure:Athletic Club
^
D8/27' 0
U-751.16
T-751.16
CX
N5299
PCitibank
L[Quicken Visa]
^
D8/28' 0
U-170.00
T-170.00
CX
N600
PMount Dora Chamber Of Commerce
MByke Week end
LLeasure:Bicycle
^
D8/28' 0
U-116.55
T-116.55
CX
N605
PGTE Florida
LHouse exp:Phone
AGTE Florida
AP O Box 31122
ATampa, FL 33631-3122
A
A
^
D8/28' 0
U-759.37
T-759.37
CX
N5291
PMercedes-Benz Credit Corporation
MLease E320
LAuto:E320
^
D8/29' 0
U-40.21
T-40.21
CX
N5300
PTime Warner
MCable TV
LHouse exp:Cable TV
ATime Warner
AP.O. Box 30765
ATampa, FL 33606
A
A
^
D8/31' 0
U160.28
T160.28
CX
PInterest Earned
L_IntInc
^
D8/31' 0
U759.37
T759.37
CX
PBalance Adjustment
LBalance adjust
^
D8/31' 0
U-9.95
T-9.95
CX
PCHECKFREE CORP.
MON-LINE SVCS. MONTHLY FEE
^
D8/31' 0
U-9.95
T-9.95
CX
PCHECKFREE CORP.
MON-LINE SVCS. MONTHLY FEE
^
D8/31' 0
U-70.00
T-70.00
CX
N604
PMike  Hillyard
LHouse exp:Lawn
^
D9/ 1' 0
U246.63
T246.63
CX
PCOOMSAT Capital
L[MWC Elite Inves]
^
D9/ 1' 0
U-4,662.06
T-4,662.06
CX
N5292
PCountrywide Home Loans
MBayshore mortgage
L[Mortage Bayshore]
S[Mortage Bayshore]
$-599.01
SHouse exp:Mortgage
$-4,063.05
^
D9/ 7' 0
U-735.06
T-735.06
CX
N5301
PAbell Garcia Architects
MGarage
L[Bayshore Home]
^
D9/10' 0
U-4,000.00
T-4,000.00
CX
N606
PW. Harold Lynch
MDeposit for furnance
L[Tucker Point Lane]
^
D9/10' 0
U-418.50
T-418.50
CX
N608
PNationwide Insuance
MUmbrella insurance
LLiving exp:Ins:Umbrella
^
D9/11' 0
U252.03
T252.03
CX
PVanguard Index Trus
L[MWC Elite Inves]
^
D9/11' 0
U-301.34
T-301.34
CX
N5302
PTECO
MElectricity
LHouse exp:Electricity
ATECO
AP.O. Box 31318
ATampa, FL 33631-3318
A
A
^
D9/14' 0
U1,587.35
T1,587.35
CX
NDEP
PKendrick, Pierce & Company, Inc.
MAugSalery
LEarned:Salary
^
D9/15' 0
U-8.33
T-8.33
CX
N5303
PPeoples Gas
MMonthly gas
LHouse exp:Gas
APeoples Gas
AP.O. Box 31017
ATampa, FL 33637-3017
A
A
^
D9/15' 0
U-112.91
T-112.91
CX
N5304
PGTE Florida
LHouse exp:Phone
AGTE Florida
AP O Box 31122
ATampa, FL 33631-3122
A
A
^
D9/16' 0
U1,587.35
T1,587.35
CX
NDEP
PKendrick, Pierce & Company, Inc.
MJune Salery
LEarned:Salary
^
D9/16' 0
U790.82
T790.82
CX
PJustin Cole
Mrepay loan
LChild expen:Brevard
^
D9/16' 0
U30,601.42
T30,601.42
CX
PCOOMSAT Capital
L[MWC Elite Inves]
^
D9/16' 0
U-483.60
T-483.60
CX
N609
PNationwide
MAuto Insurance
LAuto:Insurance
^
D9/20' 0
U-60.47
T-60.47
CX
N5305
PCity Of Tampa Utilitie
MJune
LHouse exp:Water & sewage
ACity Of Tampa Utilitie
AP.O. Box 30191
ATampa, FL 33630-3191
A
A
^
D9/20' 0
U-1,556.21
T-1,556.21
CX
N5307
PAmerican Express
L[American Expres]
AAmerican Express
AP.O. Box 407135
AFt. Lauderdale, FL 33340-7135
A
A
^
D9/22' 0
U-754.00
T-754.00
CX
N610
PCliff Smith
MGarage, bricks
L[Bayshore Home]
^
D9/22' 0
U-205.86
T-205.86
CX
N5308
PH I Athletic Club
LLeasure:Athletic Club
AH I Athletic Club
A900 S Harbour Island Blvd
ATampa, FL 33602
A
A
^
D9/22' 0
U-65.00
T-65.00
CX
N5309
PWilkins Lawn & Home{Lawn}
MLawn
LHouse exp:Lawn:Tuckers Point
^
D9/22' 0
U-333.33
T-333.33
CX
N5310
PChubb Group Of Insurance Company
MHouse insurance
LHouse exp:Insurance
^
D9/24' 0
U-301.19
T-301.19
CX
N611
PTECO
MElectricity
LHouse exp:Electricity
ATECO
AP.O. Box 31318
ATampa, FL 33631-3318
A
A
^
D9/24' 0
U-7.76
T-7.76
CX
N612
PVA POWER/NC POWER   888-667-3000
MVA POWER/NC POWER   888-667-3000      TX  015466252 UT
LHouse exp:Electricity:Tuckers Point
^
D9/28' 0
U-316.22
T-316.22
CX
N5311
PCitibank
L[Quicken Visa]
ACitibank
AP.O. BOX 15109
AWilmington, DE 19850-5109
A
A
^
D9/29' 0
U195.21
T195.21
CX
PInterest Earned
L_IntInc
^
D9/29' 0
U-40.21
T-40.21
CX
N5312
PTime Warner
MCable TV
LHouse exp:Cable TV
ATime Warner
AP.O. Box 30765
ATampa, FL 33606
A
A
^
D9/29' 0
U-759.37
T-759.37
CX
N5313
PMercedes-Benz Credit Corporation
MLease E320
LAuto:E320
^
D10/ 1' 0
U1,587.35
T1,587.35
CX
NDEP
PKendrick, Pierce & Company, Inc.
MJune Salery
LEarned:Salary
^
D10/ 1' 0
U821.00
T821.00
CX
NDEP
PDeborah Van Brunt
Mbroadway series
LEnter:Events
^
D10/ 1' 0
U-9.95
T-9.95
CX
NSent
MON-LINE SVCS. MONTHLY FEE
^
D10/ 1' 0
U-4,662.06
T-4,662.06
CX
N5306
PCountrywide Home Loans
L[Mortage Bayshore]
ACountrywide Home Loans
AAttn: Remittance Processing
AP.O. Boxv660694
ADallas, TX 75266-0964
A
S[Mortage Bayshore]
$-599.01
SHouse exp:Mortgage
$-4,063.05
^
D10/ 3' 0
U-550.00
T-550.00
CX
N613
PJustin Cole
MMonthlly expenses, college
LChild expen:USF
^
D10/ 8' 0
U759.37
T759.37
CX
PBalance Adjustment
MMersadies double recorded payment
LBalance adjust
^
D10/10' 0
U-384.91
T-384.91
CX
N5314
PTECO
MElectricity
LHouse exp:Electricity
ATECO
AP.O. Box 31318
ATampa, FL 33631-3318
A
A
^
D10/15' 0
U-9.59
T-9.59
CX
N5315
PPeoples Gas
MMonthly gas
LHouse exp:Gas
APeoples Gas
AP.O. Box 31017
ATampa, FL 33637-3017
A
A
^
D10/16' 0
U0.00
T0.00
CX
N0000
P**VOID**Mercedes-Benz Credit Corporation
MLease E320
LAuto:E320
^
D10/17' 0
U-1,238.35
T-1,238.35
CX
N614
PAmerican Express.
L[American Expres]
AAmerican Express
AP.O. Box 407135
AFt. Lauderdale, FL 33340-7135
A
A
^
D10/17' 0
U-110.00
T-110.00
CX
N5316
PVerizon Florida Inc.{Phone}
MSept
LHouse exp:Phone
^
D10/21' 0
U-2,122.50
T-2,122.50
CX
N615
PDean Stalnaker
MRepair water damage
L[Tucker Point Lane]
^
D10/21' 0
U-1,000.00
T-1,000.00
CX
N616
PW. Harold Lynch
Minstall furnance
L[Tucker Point Lane]
^
D10/23' 0
U-49.03
T-49.03
CX
N5317
PCity Of Tampa Utilitie
MSept
LHouse exp:Water & sewage
ACity Of Tampa Utilitie
AP.O. Box 30191
ATampa, FL 33630-3191
A
A
^
D10/23' 0
U-205.86
T-205.86
CX
N5320
PH I Athletic Club
LLeasure:Athletic Club
AH I Athletic Club
A900 S Harbour Island Blvd
ATampa, FL 33602
A
A
^
D10/25' 0
U1,123.64
T1,123.64
CX
PNABI Corporation
L[MWC Elite Inves]
^
D10/25' 0
U4,190.58
T4,190.58
CX
PNABI Corporation
L[MWC Elite Inves]
^
D10/25' 0
U3,220.93
T3,220.93
CX
PNABI Corporation
L[MWC Elite Inves]
^
D10/25' 0
U543.07
T543.07
CX
PNABI Corporation
L[MWC Elite Inves]
^
D10/25' 0
U539.95
T539.95
CX
PNABI Corporation
L[MWC Elite Inves]
^
D10/25' 0
U7,690.50
T7,690.50
CX
PNABI Corporation
L[MWC Elite Inves]
^
D10/25' 0
U4,444.57
T4,444.57
CX
PNABI Corporation
L[MWC Elite Inves]
^
D10/25' 0
U-759.37
T-759.37
CX
N5318
PMercedes-Benz Credit Corporation
MLease E320
LAuto:E320
^
D10/26' 0
U1,587.35
T1,587.35
CX
NDEP
PKendrick, Pierce & Company, Inc.
MAugSalery
LEarned:Salary
^
D10/26' 0
U20.00
T20.00
CX
NDEP
PINTUIT *SOFTWRE SUPPLY 800-523-0
M2469216LX00R7NYX5
LBusiness expen:Computer
^
D10/26' 0
U-157.06
T-157.06
CX
N5321
PChubb Group Of Insurance Company
MHouse insurance
LHouse exp:Insurance
^
D10/26' 0
U-40.20
T-40.20
CX
N5322
PTime Warner
MCable TV
LHouse exp:Cable TV
ATime Warner
AP.O. Box 30765
ATampa, FL 33606
A
A
^
D10/26' 0
U-218.00
T-218.00
CX
N5323
PThomas E. Holbrook, D.D.S.
Mcleaning, Full mouth arays
LLiving exp:Medical-dental
AThomas E. Holbrook, D.D.S.
A1201 West Linebaugh Ave.
ATampa, FL 33612
A
A
^
D10/26' 0
U-88.16
T-88.16
CX
N5324
PCitibank
L[Quicken Visa]
ACitibank
AP.O. BOX 15109
AWilmington, DE 19850-5109
A
A
^
D10/28' 0
U-260.00
T-260.00
CX
N617
PWilkins Lawn & Home Service
MLawn, Tuckers Point
LHouse exp:Lawn:Tuckers Point
^
D10/31' 0
U191.93
T191.93
CX
PInterest Earned
L_IntInc
^
D11/ 1' 0
U-9.95
T-9.95
CX
NSent
MON-LINE SVCS. MONTHLY FEE
^
D11/ 1' 0
U-4,662.06
T-4,662.06
CX
N5319
PCountrywide Home Loans
MBayshore mortgage
L[Mortage Bayshore]
S[Mortage Bayshore]
$-606.38
SHouse exp:Mortgage
$-4,055.68
^
D11/ 6' 0
U56.25
T56.25
CX
PFoundation
L[Mike Misc Inves]
^
D11/ 6' 0
U-302.25
T-302.25
CX
Patm
LCash/M
^
D11/ 6' 0
U-25,000.00
T-25,000.00
CX
PBalance Adjustment
MTravsfer to Misc Investments
LBalance adjust
^
D11/ 8' 0
U-214.20
T-214.20
CX
N5325
PTECO
MElectricity
LHouse exp:Electricity
ATECO
AP.O. Box 31318
ATampa, FL 33631-3318
A
A
^
D11/10' 0
U-590.00
T-590.00
CX
N620
PJustin Cole
MNovember
LChild expen:USF
^
D11/11' 0
U-759.37
T-759.37
CX
PBalance Adjustment
LBalance adjust
^
D11/11' 0
U-1,224.72
T-1,224.72
CX
N519
PEllen V. Booker, Treasuer
MReal estate tax, Tucker Point
LTax:Real Estate
^
D11/13' 0
U-18.09
T-18.09
CX
NVisa
PNORTH TAMPA PHOTOGR TAMPA FL
MEye piece,
LLeasure:Photography
^
D11/14' 0
U1,587.35
T1,587.35
CX
NDEP
PKendrick, Pierce & Company, Inc.
MAugSalery
LEarned:Salary
^
D11/14' 0
U-8.33
T-8.33
CX
N5327
PPeoples Gas
MMonthly gas
LHouse exp:Gas
APeoples Gas
AP.O. Box 31017
ATampa, FL 33637-3017
A
A
^
D11/16' 0
U-130.28
T-130.28
CX
N5328
PVerizon Florida Inc.{Phone}
MOctober
LHouse exp:Phone
^
D11/18' 0
U-1,110.43
T-1,110.43
CX
N5330
PAmerican Express Cards{Credit}
AAmerican Express
APO Box 530001
AAtlanta, GA 30353-0001
A
A
^
D11/19' 0
U1,587.35
T1,587.35
CX
NDEP
PKendrick, Pierce & Company, Inc.
MNov.
LEarned:Salary
^
D11/20' 0
U-60.47
T-60.47
CX
N5329
PCity Of Tampa Utilitie
MOctober
LHouse exp:Water & sewage
ACity Of Tampa Utilitie
AP.O. Box 30191
ATampa, FL 33630-3191
A
A
^
D11/23' 0
U-205.86
T-205.86
CX
N5331
PH I Athletic Club
LLeasure:Athletic Club
AH I Athletic Club
A900 S Harbour Island Blvd
ATampa, FL 33602
A
A
^
D11/27' 0
U-759.37
T-759.37
CX
N5326
PMercedes-Benz Credit Corporation
MLease E320
LAuto:E320
^
D11/28' 0
U-500.00
T-500.00
CX
N621
PChuck Wilkin
MRemove over growth
L[Tucker Point Lane]
^
D11/28' 0
U-4,277.02
T-4,277.02
CX
N622
PDean Stalnaker
MRepair water damage
L[Tucker Point Lane]
^
D11/28' 0
U-159.68
T-159.68
CX
N5332
PNoblett Oil & Propane{Oil compan}
Mfuel oil for Tucker Point
LHeating Oil:Tuckers Point
^
D11/28' 0
U-307.45
T-307.45
CX
N5334
PCitibank
L[Quicken Visa]
ACitibank
AP.O. BOX 15109
AWilmington, DE 19850-5109
A
A
^
D11/28' 0
U-157.06
T-157.06
CX
N5335
PChubb Group Of Insurance Company
MHouse insurance
LHouse exp:Insurance
^
D11/29' 0
U-40.21
T-40.21
CX
N5336
PTime Warner
MCable TV
LHouse exp:Cable TV
ATime Warner
AP.O. Box 30765
ATampa, FL 33606
A
A
^
D12/ 1' 0
U-9.95
T-9.95
CX
NSent
PPAYMENT SERVICES FEE
MON-LINE SVCS. MONTHLY FEE
^
D12/ 1' 0
U-444.00
T-444.00
CX
N623
PCliff Smith
MBricks
LBayshore House
^
D12/ 1' 0
U-4,662.06
T-4,662.06
CX
N5333
PCountrywide Home Loans
MBayshore mortgage
L[Mortage Bayshore]
S[Mortage Bayshore]
$-610.10
SHouse exp:Mortgage
$-4,051.96
^
D12/ 3' 0
U-590.00
T-590.00
CX
N624
PJustin Cole
MDecember
LChild expen:USF
^
D12/ 4' 0
U-302.25
T-302.25
CX
Patm
LCash/M
^
D12/ 9' 0
U1,587.35
T1,587.35
CX
NDEP
PKendrick, Pierce & Company, Inc.
MNov.
LEarned:Salary
^
D12/10' 0
U-90.02
T-90.02
CX
N5337
PTECO
MElectricity
LHouse exp:Electricity
ATECO
AP.O. Box 31318
ATampa, FL 33631-3318
A
A
^
D12/12' 0
U2,395.56
T2,395.56
CX
PShells Seafood
L[MWC Elite Inves]
^
D12/15' 0
U-483.60
T-483.60
CX
N5338
PNationwide Mutual Fire Insurance{Auto Insur}
MAuto Insurance
LAuto:Insurance
^
D12/16' 0
U1,587.35
T1,587.35
CX
NDEP
PKendrick, Pierce & Company, Inc.
MNov.
LEarned:Salary
^
D12/17' 0
U-122.37
T-122.37
CX
N5339
PVerizon Florida Inc.{Phone}
MNovember
LHouse exp:Phone
^
D12/18' 0
U1,202.85
T1,202.85
CX
PParadyne Network Incorporated
L[MWC Elite Inves]
^
D12/18' 0
U-9.64
T-9.64
CX
N5342
PPeoples Gas
MMonthly gas
LHouse exp:Gas
APeoples Gas
AP.O. Box 31017
ATampa, FL 33637-3017
A
A
^
D12/19' 0
U-49.03
T-49.03
CX
N5340
PCity Of Tampa Utilitie
MOctober
LHouse exp:Water & sewage
ACity Of Tampa Utilitie
AP.O. Box 30191
ATampa, FL 33630-3191
A
A
^
D12/21' 0
U-756.43
T-756.43
PAmerican Express
AAmerican Express
APO Box 530001
AAtlanta, GA 30353-0001
A
A
^
D12/23' 0
U-205.86
T-205.86
CX
N5343
PH I Athletic Club
LLeasure:Athletic Club
AH I Athletic Club
A900 S Harbour Island Blvd
ATampa, FL 33602
A
A
^
D12/24' 0
U-200.00
T-200.00
CX
N625
PGage Cole
MGift Christmas
LGifts
^
D12/27' 0
U-759.37
T-759.37
CX
N5341
PMercedes-Benz Credit Corporation
MLease E320
LAuto:E320
^
D12/27' 0
U-157.06
T-157.06
CX
N5345
PChubb Group Of Insurance Company
MHouse insurance
LHouse exp:Insurance
^
D12/28' 0
U-3,421.17
T-3,421.17
CX
N626
PDean Stalnaker
MRepair water damage
L[Tucker Point Lane]
^
D12/28' 0
U-4,662.06
T-4,662.06
CX
N5344
PCountrywide Home Loans
MBayshore mortgage
L[Mortage Bayshore]
S[Mortage Bayshore]
$-613.85
SHouse exp:Mortgage
$-4,048.21
^
D12/28' 0
U-56.14
T-56.14
CX
N5346
PCitibank
L[Quicken Visa]
ACitibank
AP.O. BOX 15109
AWilmington, DE 19850-5109
A
A
^
D12/29' 0
U-40.21
T-40.21
CX
N5347
PTime Warner
MCable TV
LHouse exp:Cable TV
ATime Warner
AP.O. Box 30765
ATampa, FL 33606
A
A
^
D12/31' 0
U123.70
T123.70
CX
PInterest Earned
L_IntInc
^
D1/ 1' 1
U-9.95
T-9.95
CX
NSent
PPAYMENT SERVICES FEE
MON-LINE SVCS. MONTHLY FEE
^
D1/ 1' 1
U-590.00
T-590.00
CX
N627
PJustin Cole
MJanuary
LChild expen:USF
^
D1/ 2' 1
U-300.75
T-300.75
CX
Patm
LCash/M
^
D1/ 6' 1
U1,587.35
T1,587.35
CX
NDEP
PKendrick, Pierce & Company, Inc.
MNov.
LEarned:Salary
^
D1/ 6' 1
U150.37
T150.37
CX
PBalance Adjustment
LBalance adjust
^
D1/ 8' 1
U-74.00
T-74.00
CX
N5348
PSandra G Cahill Dds Tampa FL
MCleaning
LLiving exp:Medical-dental
ASandra G Cahill Dds Tampa FL
A3333 Henderson Blvd.
ASuite 120
ATampa, FL 33609
A
^
D1/12' 1
U-165.50
T-165.50
CX
N5349
PTECO
MElectricity
LHouse exp:Electricity
ATECO
AP.O. Box 31318
ATampa, FL 33631-3318
A
A
^
D1/17' 1
U-60.47
T-60.47
CX
N5350
PCity Of Tampa Utilitie
MDecember
LHouse exp:Water & sewage
ACity Of Tampa Utilitie
AP.O. Box 30191
ATampa, FL 33630-3191
A
A
^
D1/17' 1
U-212.55
T-212.55
CX
N5352
PVerizon Florida Inc.{Phone}
MNovember
LHouse exp:Phone
^
D1/17' 1
U-9.77
T-9.77
CX
N5353
PPeoples Gas
MMonthly gas
LHouse exp:Gas
APeoples Gas
AP.O. Box 31017
ATampa, FL 33637-3017
A
A
^
D1/20' 1
U1,587.35
T1,587.35
CX
NDEP
PKendrick, Pierce & Company, Inc.
MNov.
LEarned:Salary
^
D1/22' 1
U-302.75
T-302.75
CX
Patm
LCash/M
^
D1/22' 1
U-40.00
T-40.00
CX
N5354
PNationwide Insuance
MUmbrella insurance
LLiving exp:Ins:Umbrella
^
D1/23' 1
U-3.21
T-3.21
CX
PVA POWER/NC POWER   888-667-3000
Mdec usage
LHouse exp:Electricity:Tuckers Point
^
D1/23' 1
U-155.86
T-155.86
CX
N5355
PH I Athletic Club
LLeasure:Athletic Club
AH I Athletic Club
A900 S Harbour Island Blvd
ATampa, FL 33602
A
A
^
D1/23' 1
U-456.94
T-456.94
CX
N5356
PNoblett Oil & Propane{Oil compan}
Mfuel oil for Tucker Point
LHeating Oil:Tuckers Point
^
D1/23' 1
U-1,840.28
T-1,840.28
CX
N5357
PAmerican Express{AE}
L[American Expres]
AAmerican Express
APO Box 530001
AAtlanta, GA 30353-0001
A
A
^
D1/26' 1
U-639.21
T-639.21
CX
N628
PJustin Cole
MBooks and tuition
LChild expen:USF
^
D1/26' 1
U-590.00
T-590.00
CX
N629
PJustin Cole
MFeburary ,-$100 cash
LChild expen:USF
^
D1/26' 1
U-157.06
T-157.06
CX
N5358
PChubb Group Of Insurance Company
MHouse insurance
LHouse exp:Insurance
^
D1/26' 1
U-412.49
T-412.49
CX
N5359
PCitibank
L[Quicken Visa]
ACitibank
AP.O. BOX 15109
AWilmington, DE 19850-5109
A
A
^
D1/26' 1
U-185.50
T-185.50
CX
N5360
PWall Street Journal
MNewa paper
LBusiness expen:Misc
^
D1/29' 1
U-759.37
T-759.37
CX
N5351
PMercedes-Benz Credit Corporation
MLease E320
LAuto:E320
^
D1/29' 1
U-42.23
T-42.23
CX
N5361
PTime Warner
MCable TV
LHouse exp:Cable TV
ATime Warner
AP.O. Box 30765
ATampa, FL 33606
A
A
^
D1/31' 1
U67.69
T67.69
CX
PInterest Earned
L_IntInc
^
D1/31' 1
U56.25
T56.25
CX
PFoundation
L[Mike Misc Inves]
^
D2/ 1' 1
U-9.95
T-9.95
CX
NSent
PPAYMENT SERVICES FEE
MON-LINE SVCS. MONTHLY FEE
^
D2/ 3' 1
U0.00
T0.00
CX
NDEP
P**VOID**Kendrick, Pierce & Company, Inc.
MDeposited in Susie's account
LEarned:Salary
^
D2/ 3' 1
U0.00
T0.00
CX
NDEP
P**VOID**Nationwide Insuance
MUmbrella insurance, Deposited in Susie's account
^
D2/ 5' 1
U-135.04
T-135.04
CX
N5362
PTampa Tribune
MAnnual renewal
LHouse exp:Misc purchases
ATampa Tribune
AP. O. Box 30085
ATampa, FL 33630
A
A
^
D2/12' 1
U-300.75
T-300.75
CX
Patm
LCash/M
^
D2/12' 1
U-387.76
T-387.76
CX
N5363
PTECO
MElectricity
LHouse exp:Electricity
ATECO
AP.O. Box 31318
ATampa, FL 33631-3318
A
A
^
D2/16' 1
U-9.81
T-9.81
CX
N5365
PPeoples Gas
MMonthly gas
LHouse exp:Gas
APeoples Gas
AP.O. Box 31017
ATampa, FL 33637-3017
A
A
^
D2/16' 1
U-125.69
T-125.69
CX
N5366
PVerizon Florida Inc.{Phone}
MNovember
LHouse exp:Phone
^
D2/17' 1
U-275.00
T-275.00
CX
N630
PWilkins Lawn & Home Service
MCleaar brush, Tucker Point
L[Tucker Point Lane]
^
D2/17' 1
U-4,014.34
T-4,014.34
CX
N631
PDean Stalnaker
MRepair water damage
L[Tucker Point Lane]
^
D2/17' 1
U-1,000.00
T-1,000.00
CX
N632
PHarold Lynch
MReplace plumbing, Tucker Point
L[Tucker Point Lane]
^
D2/20' 1
U-202.25
T-202.25
CX
Patm
MCash for Mom
LCash/M
^
D2/21' 1
U-40.50
T-40.50
CX
N633
PNationwide Insuance
MUmbrella insurance
^
D2/21' 1
U-49.60
T-49.60
CX
N5367
PCity Of Tampa Utilitie
MJanuary
LHouse exp:Water & sewage
ACity Of Tampa Utilitie
AP.O. Box 30191
ATampa, FL 33630-3191
A
A
^
D2/26' 1
U1,587.35
T1,587.35
CX
NDEP
PKendrick, Pierce & Company, Inc.
MJan
LEarned:Salary
^
D2/26' 1
U4,662.06
T4,662.06
CX
PSusan Wehle
MMortgage payment
LCash
^
D2/28' 1
U45.63
T45.63
CX
PInterest Earned
L_IntInc
^
D2/28' 1
U-759.37
T-759.37
CX
N5364
PMercedes-Benz Credit Corporation
MLease E320
LAuto:E320
^
D3/ 1' 1
U-9.95
T-9.95
CX
NSent
PPAYMENT SERVICES FEE
MON-LINE SVCS. MONTHLY FEE
^
D3/ 1' 1
U-300.75
T-300.75
CX
Patm
LCash/M
^
D3/ 2' 1
U-4,662.06
T-4,662.06
CX
N5368
PCountrywide Home Loans
L[Mortage Bayshore]
ACountrywide Home Loans
AAttn: Remittance Processing
AP.O. Boxv660694
ADallas, TX 75266-0964
A
S[Mortage Bayshore]
$-599.01
SHouse exp:Mortgage
$-4,063.05
^
D3/ 2' 1
U-42.23
T-42.23
CX
N5369
PTime Warner
MCable TV
LHouse exp:Cable TV
ATime Warner
AP.O. Box 30765
ATampa, FL 33606
A
A
^
D3/ 2' 1
U-373.62
T-373.62
CX
N5370
PMercedes-Benz Credit Corporation
MLease E320
LAuto:E320
^
D3/ 2' 1
U-399.08
T-399.08
CX
N5371
PNoblett Oil & Propane{Oil compan}
Mfuel oil for Tucker Point
LHeating Oil:Tuckers Point
^
D3/ 2' 1
U-18.04
T-18.04
CX
N5372
PVA POWER/NC POWER   888-667-3000
Mdec usage
LHouse exp:Electricity:Tuckers Point
^
D3/ 2' 1
U-736.00
T-736.00
N5373
PTerminix International
MTermit treatment play house
L[Bayshore Home]
ATerminix International
A9390 N. Florida Ave.
ATampa, FL 33612
A
A
^
D3/ 2' 1
U-44.95
T-44.95
CX
N5374
PCitibank
L[Quicken Visa]
ACitibank
AP.O. BOX 15109
AWilmington, DE 19850-5109
A
A
^
D3/ 3' 1
U1,587.35
T1,587.35
CX
NDEP
PKendrick, Pierce & Company, Inc.
MJan
LEarned:Salary
^
D3/ 9' 1
U-590.00
T-590.00
CX
N634
PJustin Cole
MMarch expenses
LChild expen:USF
^
D3/ 9' 1
U-149.00
T-149.00
CX
N5377
PHomeguard Pest Control,Inc.
MSubterranean Termite Guarantee
LBayshore House:Purchase Expences
AHomeguard Pest Control,Inc.
A12585 Ulmerton Road
ALargo, FL 33774
A
A
^
D3/11' 1
U103.21
T103.21
CX
PBalance Adjustment
LBalance adjust
^
D3/12' 1
U-184.01
T-184.01
CX
N5375
PTECO
MElectricity
LHouse exp:Electricity
ATECO
AP.O. Box 31318
ATampa, FL 33631-3318
A
A
^
D3/12' 1
U-157.06
T-157.06
CX
N5376
PChubb Group Of Insurance Company
MHouse insurance
LHouse exp:Insurance
^
D3/16' 1
U-1,137.83
T-1,137.83
CX
N5380
PAmerican Express{AE}
L[American Expres]
AAmerican Express
APO Box 530001
AAtlanta, GA 30353-0001
A
A
^
D3/19' 1
U1,587.35
T1,587.35
CX
NDEP
PKendrick, Pierce & Company, Inc.
MJan
LEarned:Salary
^
D3/19' 1
U-115.44
T-115.44
CX
N5378
PVerizon Florida Inc.{Phone}
MNovember
LHouse exp:Phone
^
D3/19' 1
U-8.33
T-8.33
CX
N5379
PPeoples Gas
MMonthly gas
LHouse exp:Gas
APeoples Gas
AP.O. Box 31017
ATampa, FL 33637-3017
A
A
^
D3/23' 1
U-302.75
T-302.75
CX
NATM
Patm
LCash/M
^
D3/23' 1
U-76.69
T-76.69
CX
N5381
PH I Athletic Club
MFeburary
LLeasure:Athletic Club
AH I Athletic Club
A900 S Harbour Island Blvd
ATampa, FL 33602
A
A
^
D3/23' 1
U-59.90
T-59.90
CX
N5382
PCity Of Tampa Utilitie
MFeb
LHouse exp:Water & sewage
ACity Of Tampa Utilitie
AP.O. Box 30191
ATampa, FL 33630-3191
A
A
^
D3/23' 1
U-17.26
T-17.26
CX
N5383
PVA POWER/NC POWER   888-667-3000
MJan usage
LHouse exp:Electricity:Tuckers Point
^
D3/25' 1
U-1,384.92
T-1,384.92
CX
N5384
PAmerican Express{AE}
L[American Expres]
AAmerican Express
APO Box 530001
AAtlanta, GA 30353-0001
A
A
^
D3/26' 1
U-314.12
T-314.12
CX
N5385
PChubb Group Of Insurance Company
MHouse insurance
LHouse exp:Insurance
^
D3/27' 1
U-615.00
T-615.00
CX
N635
PJustin Cole
MApril expenses
LChild expen:USF
^
D3/28' 1
U-334.04
T-334.04
CX
N5386
PNoblett Oil & Propane{Oil compan}
Mfuel oil for Tucker Point
LHeating Oil:Tuckers Point
^
D3/29' 1
U-99.00
T-99.00
CX
N5387
PSandra G Cahill Dds Tampa FL
MCleaning
LLiving exp:Medical-dental
ASandra G Cahill Dds Tampa FL
A3333 Henderson Blvd.
ASuite 120
ATampa, FL 33609
A
^
D3/29' 1
U-42.23
T-42.23
CX
N5388
PTime Warner
MCable TV
LHouse exp:Cable TV
ATime Warner
AP.O. Box 30765
ATampa, FL 33606
A
A
^
D3/29' 1
U-148.32
T-148.32
CX
N5389
PCitibank
L[Quicken Visa]
ACitibank
AP.O. BOX 15109
AWilmington, DE 19850-5109
A
A
^
D3/30' 1
U18.34
T18.34
CX
PInterest Earned
L_IntInc
^
D4/ 1' 1
U-9.95
T-9.95
NSent
PPAYMENT SERVICES FEE
MON-LINE SVCS. MONTHLY FEE
^
D4/ 1' 1
U-2.49
T-2.49
NSent
PPAYMENT SERVICES FEE
MON-LINE SVCS. ADDT'L PAYMENTS
^
D4/ 5' 1
U-483.60
T-483.60
N5390
PNationwide Mutual{Auto Insur}
MAuto Insurance
LAuto:Insurance
^
D4/ 6' 1
U-189.00
T-189.00
N5392
PChimney Services, Inc.
MINspect chemneys, tucker Point
L[Tucker Point Lane]
^
D4/ 8' 1
U1,587.35
T1,587.35
NDEP
PKendrick, Pierce & Company, Inc.
MJan
LEarned:Salary
^
D4/12' 1
U-123.77
T-123.77
N5391
PTECO
MElectricity
LHouse exp:Electricity
ATECO
AP.O. Box 31318
ATampa, FL 33631-3318
A
A
^
D4/16' 1
U-222.04
T-222.04
N5393
PVerizon Florida Inc.{Phone}
MNovember
LHouse exp:Phone
^
D4/20' 1
U736.00
T736.00
NDEP
PTerminix International
MTermit treatment play house,over payment
L[Bayshore Home]
ATerminix International
A9390 N. Florida Ave.
ATampa, FL 33612
A
A
^
D4/20' 1
U1,587.35
T1,587.35
NDEP
PKendrick, Pierce & Company, Inc.
MJan
LEarned:Salary
^
D4/20' 1
U-10.36
T-10.36
N5396
PPeoples Gas
MMonthly gas
LHouse exp:Gas
APeoples Gas
AP.O. Box 31017
ATampa, FL 33637-3017
A
A
^
D4/20' 1
U-2,518.08
T-2,518.08
N5397
PAmerican Express{AE}
L[American Expres]
AAmerican Express
APO Box 530001
AAtlanta, GA 30353-0001
A
A
^
D4/23' 1
U-53.61
T-53.61
N5394
PCity Of Tampa Utilitie
MMarch
LHouse exp:Water & sewage
ACity Of Tampa Utilitie
AP.O. Box 30191
ATampa, FL 33630-3191
A
A
^
D4/23' 1
U-11.04
T-11.04
N5395
PVA POWER/NC POWER   888-667-3000
MJan usage
LHouse exp:Electricity:Tuckers Point
^
D4/27' 1
U-39.90
T-39.90
N5398
PCitibank
L[Quicken Visa]
ACitibank
AP.O. BOX 15109
AWilmington, DE 19850-5109
A
A
^
D4/30' 1
U-859.77
T-859.77
N5399
PMercedes -Benz Credit Corporatio
^
D4/30' 1
U-42.23
T-42.23
N5400
PTime Warner
MCable TV
LHouse exp:Cable TV
ATime Warner
AP.O. Box 30765
ATampa, FL 33606
A
A
^
!Account
NNation Bank sav
DSusie's savings accou
TBank
^
!Type:Bank 
D8/16/93
U1,000.00
T1,000.00
CX
POpening Balance
L[Nation Bank sav]
^
D8/17/93
U514.61
T514.61
PCorrect balance
^
D9/17/93
U2.72
T2.72
PInterest earned
L_IntInc
^
D12/16/93
U2.26
T2.26
PInterest earned
L_IntInc
^
D2/16/94
U10.22
T10.22
PInterest earned
L_IntInc
^
D5/17/94
U6.97
T6.97
PInterest earned
L_IntInc
^
D7/19/94
U6.64
T6.64
PInterest Earned
L_IntInc
^
D8/16/94
U0.00
T0.00
PInterest earned
^
D10/19/94
U6.83
T6.83
NDEP
PInterest earned
L_IntInc
^
D2/22/95
U7.76
T7.76
NDEP
PInterest earned
L_IntInc
^
D4/18/95
U7.62
T7.62
NDEP
PInterest earned
L_IntInc
^
D7/19/95
U7.75
T7.75
NDEP
PInterest earned
L_IntInc
^
D10/18/95
U7.87
T7.87
NDEP
PInterest earned
L_IntInc
^
D1/18/96
U7.59
T7.59
NDEP
PInterest earned
L_IntInc
^
D5/ 3/96
U9.62
T9.62
^
D5/ 3/96
U-1,598.46
T-1,598.46
MClose Account
^
!Account
NNations Bank ck
DSusie's checking acco
TBank
^
!Type:Bank 
D12/30/92
U25,000.00
T25,000.00
CX
POpening Balance
L[Nations Bank ck]
^
D12/31/92
U-19,117.52
T-19,117.52
PMoved to Heritage
^
D8/17/93
U14,712.17
T14,712.17
PCorrect to statement
^
D9/17/93
U9,071.45
T9,071.45
PDeposit
L[Nations Bank ck]
^
D9/17/93
U32.94
T32.94
PInterest earned
L[Nations Bank ck]
^
D9/17/93
U-1,397.70
T-1,397.70
PChecks
L[Nations Bank ck]
^
D12/16/93
U-15,852.25
T-15,852.25
PYear end addjustment
^
D2/16/94
U8,109.56
T8,109.56
PMounthly adjustment
^
D3/29/94
U-20,000.00
T-20,000.00
PTransfer to Heritage cash
^
D5/17/94
U795.53
T795.53
NDEP
PMounthly adjustment
^
D6/16/94
U15,366.95
T15,366.95
PMounthly adjustment
^
D7/19/94
U2,064.73
T2,064.73
NDEP
PMounthly adjustment
^
D7/19/94
U-20.27
T-20.27
PInterest Earned
^
D8/16/94
U-16,961.62
T-16,961.62
PMounthly adjustment
^
D9/19/94
U18,092.60
T18,092.60
PMounthly adjustment
^
D10/19/94
U-3,657.19
T-3,657.19
PMounthly adjustment
^
D11/17/94
U-12,254.98
T-12,254.98
PMounthly adjustment
^
D12/16/94
U14,905.25
T14,905.25
PMounthly adjustment
^
D2/16/95
U9,029.18
T9,029.18
PMounthly adjustment
^
D3/16/95
U4,582.16
T4,582.16
PMounthly adjustment
^
D4/18/95
U-4,858.05
T-4,858.05
PMounthly adjustment
^
D5/16/95
U5,691.35
T5,691.35
PMounthly adjustment
^
D6/16/95
U10,739.88
T10,739.88
PMounthly adjustment
^
D7/19/95
U4,717.59
T4,717.59
PMounthly adjustment
^
D8/16/95
U1,200.72
T1,200.72
PMounthly adjustment
^
D10/18/95
U6,944.60
T6,944.60
PMounthly adjustment
^
D12/18/95
U13,765.73
T13,765.73
PMounthly adjustment
^
D1/18/96
U-4,586.76
T-4,586.76
PMounthly adjustment
^
D1/25/96
U-19,000.00
T-19,000.00
NTXFR
PTransfer Money
L[SUW Elite Check]
^
D1/25/96
U-10,000.00
T-10,000.00
NTXFR
PTransfer Money
L[Polaris Variabl]
^
D1/29/96
U-11,348.51
T-11,348.51
PPayment to Mike
^
D1/31/96
U-11,000.00
T-11,000.00
Psend to Sep
^
D2/14/96
U-2,641.07
T-2,641.07
PMounthly adjustment
^
D3/18/96
U-2,842.06
T-2,842.06
PMounthly adjustment
^
D3/29/96
U-9,284.41
T-9,284.41
PClose account
^
!Account
NSusie household
DSusie household expen
TBank
^
!Type:Bank 
D6/21/62
U-369.02
T-369.02
CX
POpening Balance
L[Susie household]
^
D6/22/62
U-161.50
T-161.50
PHousehold exp-food & supplies
LHouse exp:Home repair
SHouse exp:Home repair/S:SM
EShorty
$-53.29
SHouse exp:Home repair/M:SM
EShorty
$-108.21
^
D6/25/62
U-35.28
T-35.28
PHousehold exp-Misc purchases
LHouse exp:Misc purchases
SHouse exp:Misc purchases/M:SM
EK-Mart
$-23.64
SHouse exp:Misc purchases/S:SM
EK-Mart
$-11.64
^
D9/27/91
U-1,771.62
T-1,771.62
MOriginal bal 9/27/91
L[RJ ESOT]
^
D1/ 1/92
U9,599.85
T9,599.85
L[Stock option]
^
D1/ 1/92
U-1,344.98
T-1,344.98
L[Gage College Ac]
^
D1/ 1/92
U-871.45
T-871.45
^
D1/ 2/92
U-37.21
T-37.21
LHouse exp:Food & supplies
SHouse exp:Food & supplies/S:SM
EShared exp paid by Susie
$-12.28
SHouse exp:Food & supplies/M:SM
EShared exp paid by Susie
$-24.93
^
D1/ 2/92
U-63.42
T-63.42
LHouse exp:Food & supplies
SHouse exp:Food & supplies/S:SM
EPace
$-20.93
SHouse exp:Food & supplies/M:SM
EPace
$-42.49
^
D1/ 4/92
U-75.00
T-75.00
MTreetriming
LHouse exp:Misc purchases
SHouse exp:Misc purchases/M:SM
Etreetriming
$-50.25
SHouse exp:Misc purchases/S:SM
Etreetriming
$-24.75
^
D1/ 7/92
U-60.00
T-60.00
PHousehold exp -Cleaning
LHouse exp:Cleaning
SHouse exp:Cleaning/M:SM
EJoyce
$-40.20
SHouse exp:Cleaning/S:SM
EJoyce
$-19.80
^
D1/ 9/92
U-114.64
T-114.64
PHousehold exp-food & supplies
LHouse exp:Food & supplies
SHouse exp:Food & supplies/S:SM
$-37.81
SHouse exp:Food & supplies/M:SM
$-76.83
^
D1/ 9/92
U-16.16
T-16.16
PHousehold exp-food & supplies
LHouse exp:Food & supplies
SHouse exp:Food & supplies/S:SM
$-5.33
SHouse exp:Food & supplies/M:SM
$-10.83
^
D1/14/92
U-56.25
T-56.25
MAt&t phone repair
LHouse exp:Home repair
SHouse exp:Home repair/M:SM
$-37.69
SHouse exp:Home repair/S:SM
$-18.56
^
D1/15/92
U-67.56
T-67.56
MK Mart
LHouse exp:Misc purchases
SHouse exp:Misc purchases/M:SM
$-45.27
SHouse exp:Misc purchases/S:SM
$-22.29
^
D1/20/92
U-60.00
T-60.00
PHousehold exp -Cleaning
LHouse exp:Cleaning
SHouse exp:Cleaning/M:SM
EJoyce
$-40.20
SHouse exp:Cleaning/S:SM
EJoyce
$-19.80
^
D1/21/92
U-81.51
T-81.51
PHousehold exp-food & supplies
LHouse exp:Food & supplies
SHouse exp:Food & supplies/S:SM
$-26.88
SHouse exp:Food & supplies/M:SM
$-54.63
^
D1/21/92
U-35.39
T-35.39
PHousehold exp-food & supplies
LHouse exp:Food & supplies
SHouse exp:Food & supplies/S:SM
$-11.67
SHouse exp:Food & supplies/M:SM
$-23.72
^
D1/26/92
U-53.25
T-53.25
PHousehold exp-Misc purchases
MKitchen stuff
LHouse exp:Misc purchases
SHouse exp:Misc purchases/M:SM
$-35.68
SHouse exp:Misc purchases/S:SM
$-17.57
^
D1/26/92
U-24.00
T-24.00
MGasparilla race
LLeasure:Misc
SLeasure:Misc/M:SM
$-12.00
SLeasure:Misc/S:SM
$-12.00
^
D1/26/92
U-34.22
T-34.22
PHousehold exp-food & supplies
LHouse exp:Food & supplies
SHouse exp:Food & supplies/S:SM
$-11.29
SHouse exp:Food & supplies/M:SM
$-22.93
^
D1/31/92
U-3,598.48
T-3,598.48
MFurniture Doctors
LMagor purchase
SMagor purchase/M:SM
$-2,410.98
SMagor purchase/S:SM
$-1,187.50
^
D2/ 3/92
U-60.00
T-60.00
PHousehold exp -Cleaning
LHouse exp:Cleaning
SHouse exp:Cleaning/M:SM
EJoyce
$-40.20
SHouse exp:Cleaning/S:SM
EJoyce
$-19.80
^
D2/ 4/92
U-68.56
T-68.56
PHousehold exp-food & supplies
LHouse exp:Food & supplies
SHouse exp:Food & supplies/S:SM
$-22.62
SHouse exp:Food & supplies/M:SM
$-45.94
^
D2/ 4/92
U-29.00
T-29.00
PLead testing
LHouse exp:Home repair
SHouse exp:Home repair/S:SM
$-9.57
SHouse exp:Home repair/M:SM
$-19.43
^
D2/ 5/92
U-65.06
T-65.06
PHousehold exp-food & supplies
LHouse exp:Food & supplies
SHouse exp:Food & supplies/S:SM
$-21.46
SHouse exp:Food & supplies/M:SM
$-43.60
^
D2/ 5/92
U-49.71
T-49.71
PBedroom phone
LHouse exp:Misc purchases
SHouse exp:Misc purchases/S:SM
$-16.40
SHouse exp:Misc purchases/M:SM
$-33.31
^
D2/ 5/92
U-25.00
T-25.00
PCoach delivery
LMagor purchase
SMagor purchase/S:SM
$-8.25
SMagor purchase/M:SM
$-16.75
^
D2/ 8/92
U-7.68
T-7.68
PHousehold exp-Misc purchases
LHouse exp:Misc purchases
SHouse exp:Misc purchases/M:SM
$-5.15
SHouse exp:Misc purchases/S:SM
$-2.53
^
D2/11/92
U-24.50
T-24.50
PTV repair
LHouse exp:Home repair
SHouse exp:Home repair/S:SM
$-8.08
SHouse exp:Home repair/M:SM
$-16.41
S
$-0.01
^
D2/15/92
U-43.71
T-43.71
PHousehold exp-food & supplies
LHouse exp:Food & supplies
SHouse exp:Food & supplies/S:SM
$-14.42
SHouse exp:Food & supplies/M:SM
$-29.29
^
D2/17/92
U-60.00
T-60.00
PHousehold exp -Cleaning
LHouse exp:Cleaning
SHouse exp:Cleaning/M:SM
EJoyce
$-40.20
SHouse exp:Cleaning/S:SM
EJoyce
$-19.80
^
D2/21/92
U-679.00
T-679.00
PBeverly Hearn
MApprasal for furniture
LMagor purchase
SMagor purchase/S:SM
$-224.07
SMagor purchase/M:SM
$-454.93
^
D2/24/92
U-77.77
T-77.77
PHousehold exp-food & supplies
LHouse exp:Food & supplies
SHouse exp:Food & supplies/S:SM
$-25.66
SHouse exp:Food & supplies/M:SM
$-52.11
^
D3/ 1/92
U-40.24
T-40.24
MXmas gift for Susana
LGifts
SGifts/M:SM
$-26.96
SGifts/S:SM
$-13.28
^
D3/ 3/92
U-23.54
T-23.54
LHouse exp:Food & supplies
SHouse exp:Food & supplies/S:SM
$-7.77
SHouse exp:Food & supplies/M:SM
$-15.77
^
D3/ 3/92
U-60.00
T-60.00
PHousehold exp -Cleaning
LHouse exp:Cleaning
SHouse exp:Cleaning/M:SM
EJoyce
$-40.20
SHouse exp:Cleaning/S:SM
EJoyce
$-19.80
^
D3/ 4/92
U-17.15
T-17.15
LHouse exp:Misc purchases
SHouse exp:Misc purchases/S:SM
EAC filter
$-5.66
SHouse exp:Misc purchases/M:SM
EAC filter
$-11.49
^
D3/ 4/92
U-22.51
T-22.51
PHousehold exp-food & supplies
LHouse exp:Food & supplies
SHouse exp:Food & supplies/S:SM
$-7.43
SHouse exp:Food & supplies/M:SM
$-15.08
^
D3/13/92
U-32.59
T-32.59
PHousehold exp-food & supplies
LHouse exp:Food & supplies
SHouse exp:Food & supplies/S:SM
$-10.75
SHouse exp:Food & supplies/M:SM
$-21.84
^
D3/13/92
U-20.23
T-20.23
PGifts
LGifts
SGifts/M:SM
EBrands birthday
$-10.11
SGifts/S:SM
EBrands birthday
$-10.12
^
D3/17/92
U-60.00
T-60.00
PHousehold exp -Cleaning
LHouse exp:Cleaning
SHouse exp:Cleaning/M:SM
EJoyce
$-40.20
SHouse exp:Cleaning/S:SM
EJoyce
$-19.80
^
D3/17/92
U-62.37
T-62.37
PHousehold exp-food & supplies
LHouse exp:Food & supplies
SHouse exp:Food & supplies/S:SM
$-20.58
SHouse exp:Food & supplies/M:SM
$-41.79
^
D3/17/92
U-35.12
T-35.12
PHousehold exp-Misc purchases
LHouse exp:Misc purchases
SHouse exp:Misc purchases/M:SM
$-23.53
SHouse exp:Misc purchases/S:SM
$-11.59
^
D3/21/92
U-2,000.00
T-2,000.00
MPiano deposit
LMagor purchase
SMagor purchase/M:SM
EPiano deposit
$-1,340.00
SMagor purchase/S:SM
EPiano deposit
$-660.00
^
D3/21/92
U-28.15
T-28.15
PHousehold exp-Misc purchases
LHouse exp:Misc purchases
SHouse exp:Misc purchases/M:SM
EMousetrap & keys
$-18.86
SHouse exp:Misc purchases/S:SM
EMousetrap & keys
$-9.29
^
D3/21/92
U-21.64
T-21.64
PHousehold exp-food & supplies
LHouse exp:Food & supplies
SHouse exp:Food & supplies/S:SM
$-7.14
SHouse exp:Food & supplies/M:SM
$-14.50
^
D3/25/92
U-46.12
T-46.12
PHousehold exp-Misc purchases
LHouse exp:Misc purchases
SHouse exp:Misc purchases/M:SM
EVitamins
$-30.91
SHouse exp:Misc purchases/S:SM
EVitamins
$-15.21
^
D3/25/92
U-25.08
T-25.08
PHousehold exp-food & supplies
LHouse exp:Food & supplies
SHouse exp:Food & supplies/S:SM
$-8.28
SHouse exp:Food & supplies/M:SM
$-16.80
^
D3/27/92
U-38.34
T-38.34
PHousehold exp-Misc purchases
LHouse exp:Misc purchases
SHouse exp:Misc purchases/M:SM
EParts for Thermidor
$-25.69
SHouse exp:Misc purchases/S:SM
EParts for Thermidor
$-12.65
^
D3/27/92
U-156.90
T-156.90
MRepairs Shorty
LHouse exp:Home repair
SHouse exp:Home repair/S:SM
ERepairs Shorty
$-51.78
SHouse exp:Home repair/M:SM
ERepairs Shorty
$-105.12
^
D3/31/92
U-60.00
T-60.00
PHousehold exp -Cleaning
LHouse exp:Cleaning
SHouse exp:Cleaning/M:SM
EJoyce
$-40.20
SHouse exp:Cleaning/S:SM
EJoyce
$-19.80
^
D4/ 4/92
U-106.06
T-106.06
PGifts
MChris & John wedding
LGifts
SGifts/M:SM
$-53.03
SGifts/S:SM
$-53.03
^
D4/ 5/92
U-14.57
T-14.57
PHousehold exp-food & supplies
LHouse exp:Food & supplies
SHouse exp:Food & supplies/S:SM
$-4.81
SHouse exp:Food & supplies/M:SM
$-9.76
^
D4/ 7/92
U-63.50
T-63.50
PGifts
MJon's Birthday
LGifts
SGifts/M:SM
$-31.75
SGifts/S:SM
$-31.75
^
D4/14/92
U-60.00
T-60.00
PHousehold exp -Cleaning
LHouse exp:Cleaning
SHouse exp:Cleaning/M:SM
EJoyce
$-40.20
SHouse exp:Cleaning/S:SM
EJoyce
$-19.80
^
D4/15/92
U-3,000.00
T-3,000.00
M1991 contribution
L[Sep-Susie]
^
D4/16/92
U-62.70
T-62.70
PHousehold exp-food & supplies
LHouse exp:Food & supplies
SHouse exp:Food & supplies/S:SM
$-20.69
SHouse exp:Food & supplies/M:SM
$-42.01
^
D4/16/92
U-126.14
T-126.14
PHousehold exp-food & supplies
LHouse exp:Food & supplies
SHouse exp:Food & supplies/S:SM
$-41.63
SHouse exp:Food & supplies/M:SM
$-84.51
^
D4/16/92
U-61.94
T-61.94
PHousehold exp-food & supplies
LHouse exp:Food & supplies
SHouse exp:Food & supplies/S:SM
$-20.44
SHouse exp:Food & supplies/M:SM
$-41.50
^
D4/18/92
U-22.25
T-22.25
PHousehold exp-food & supplies
LHouse exp:Food & supplies
SHouse exp:Food & supplies/S:SM
$-7.34
SHouse exp:Food & supplies/M:SM
$-14.91
^
D4/18/92
U-25.29
T-25.29
PHousehold exp-food & supplies
LHouse exp:Food & supplies
SHouse exp:Food & supplies/S:SM
$-8.35
SHouse exp:Food & supplies/M:SM
$-16.94
^
D4/23/92
U-108.90
T-108.90
MGolf card
LLeasure:Golf
SLeasure:Golf/M:SM
EGolf card
$-54.45
SLeasure:Golf/S:SM
EGolf card
$-54.45
^
D4/23/92
U-20.22
T-20.22
PHousehold exp-food & supplies
LHouse exp:Food & supplies
SHouse exp:Food & supplies/S:SM
$-6.67
SHouse exp:Food & supplies/M:SM
$-13.55
^
D4/28/92
U-60.00
T-60.00
PHousehold exp -Cleaning
LHouse exp:Cleaning
SHouse exp:Cleaning/M:SM
EJoyce
$-40.20
SHouse exp:Cleaning/S:SM
EJoyce
$-19.80
^
D5/ 4/92
U-13.50
T-13.50
PHousehold exp-food & supplies
LHouse exp:Food & supplies
SHouse exp:Food & supplies/S:SM
$-4.45
SHouse exp:Food & supplies/M:SM
$-9.05
^
D5/ 6/92
U-93.00
T-93.00
MAAA dues
LAuto:Misc
SAuto:Misc/M:SM
EAAA dues
$-46.50
SAuto:Misc/S:SM
EAAA dues
$-46.50
^
D5/ 7/92
U-30.57
T-30.57
PHousehold exp-food & supplies
LHouse exp:Food & supplies
SHouse exp:Food & supplies/S:SM
$-10.09
SHouse exp:Food & supplies/M:SM
$-20.48
^
D5/ 8/92
U-74.28
T-74.28
PHousehold exp-food & supplies
LHouse exp:Food & supplies
SHouse exp:Food & supplies/S:SM
$-24.51
SHouse exp:Food & supplies/M:SM
$-49.77
^
D5/13/92
U-60.00
T-60.00
PHousehold exp -Cleaning
LHouse exp:Cleaning
SHouse exp:Cleaning/M:SM
EJoyce
$-40.20
SHouse exp:Cleaning/S:SM
EJoyce
$-19.80
^
D5/15/92
U-115.94
T-115.94
PHousehold exp-Misc purchases
LHouse exp:Misc purchases
SHouse exp:Misc purchases/M:SM
EWater filter
$-77.69
SHouse exp:Misc purchases/S:SM
EWater filter
$-38.25
^
D5/16/92
U-20.00
T-20.00
MPrints Smithsonian
LHouse exp:Misc purchases
SHouse exp:Misc purchases/M:SM
EPrints -Smithsonian
$-13.40
SHouse exp:Misc purchases/S:SM
EPrints -Smithsonian
$-6.60
^
D5/17/92
U-108.71
T-108.71
PWilliam Atwell
MD C trip
LTravel/M:SM
^
D5/25/92
U-23.13
T-23.13
PHousehold exp-food & supplies
LHouse exp:Food & supplies
SHouse exp:Food & supplies/S:SM
$-7.63
SHouse exp:Food & supplies/M:SM
$-15.50
^
D5/26/92
U-60.00
T-60.00
PHousehold exp -Cleaning
LHouse exp:Cleaning
SHouse exp:Cleaning/M:SM
EJoyce
$-40.20
SHouse exp:Cleaning/S:SM
EJoyce
$-19.80
^
D5/28/92
U-108.71
T-108.71
PHousehold exp-food & supplies
LHouse exp:Food & supplies
SHouse exp:Food & supplies/S:SM
$-35.87
SHouse exp:Food & supplies/M:SM
$-72.84
^
D6/ 1/92
U8,683.68
T8,683.68
LZeroing entry
^
D6/ 2/92
U-25.00
T-25.00
LHouse exp:Food & supplies
SHouse exp:Food & supplies/S:SM
EPace membership
$-8.25
SHouse exp:Food & supplies/M:SM
EPace membership
$-16.75
^
D6/ 2/92
U-60.00
T-60.00
PHousehold exp -Cleaning
LHouse exp:Cleaning
SHouse exp:Cleaning/M:SM
EJoyce
$-40.20
SHouse exp:Cleaning/S:SM
EJoyce
$-19.80
^
D6/ 5/92
U-40.57
T-40.57
PHousehold exp-food & supplies
LHouse exp:Food & supplies
SHouse exp:Food & supplies/S:SM
$-13.39
SHouse exp:Food & supplies/M:SM
$-27.18
^
D6/11/92
U-68.06
T-68.06
PHousehold exp-food & supplies
LHouse exp:Food & supplies
SHouse exp:Food & supplies/S:SM
$-22.46
SHouse exp:Food & supplies/M:SM
$-45.60
^
D6/12/92
U-28.43
T-28.43
PHousehold exp-Misc purchases
MEcharts
LHouse exp:Misc purchases
SHouse exp:Misc purchases/M:SM
$-19.05
SHouse exp:Misc purchases/S:SM
$-9.38
^
D6/20/92
U-39.01
T-39.01
PHousehold exp-food & supplies
LHouse exp:Food & supplies
SHouse exp:Food & supplies/S:SM
$-12.87
SHouse exp:Food & supplies/M:SM
$-26.14
^
D6/22/92
U-60.00
T-60.00
PHousehold exp -Cleaning
LHouse exp:Cleaning
SHouse exp:Cleaning/M:SM
EJoyce
$-40.20
SHouse exp:Cleaning/S:SM
EJoyce
$-19.80
^
D7/ 5/92
U-31.50
T-31.50
PHousehold exp-food & supplies
LHouse exp:Food & supplies
SHouse exp:Food & supplies/S:SM
$-10.39
SHouse exp:Food & supplies/M:SM
$-21.11
^
D7/ 6/92
U-60.00
T-60.00
PHousehold exp -Cleaning
LHouse exp:Cleaning
SHouse exp:Cleaning/M:SM
EJoyce
$-40.20
SHouse exp:Cleaning/S:SM
EJoyce
$-19.80
^
D7/ 9/92
U-67.50
T-67.50
PHousehold exp-food & supplies
LHouse exp:Food & supplies
SHouse exp:Food & supplies/S:SM
$-22.27
SHouse exp:Food & supplies/M:SM
$-45.23
^
D7/12/92
U-34.92
T-34.92
PHousehold exp-Misc purchases
Mmagazines
LHouse exp:Misc purchases
SHouse exp:Misc purchases/M:SM
$-23.40
SHouse exp:Misc purchases/S:SM
$-11.52
^
D7/17/92
U-60.00
T-60.00
PHousehold exp -Cleaning
LHouse exp:Cleaning
SHouse exp:Cleaning/M:SM
EJoyce
$-40.20
SHouse exp:Cleaning/S:SM
EJoyce
$-19.80
^
D7/17/92
U-99.00
T-99.00
PTravel,Golf-MD
LTravel
STravel/M:SM
EGolf
$-49.50
STravel/S:SM
EGolf
$-49.50
^
D7/21/92
U-40.00
T-40.00
PRepair Rocker
LMagor purchase
SMagor purchase/M:SM
ERepair Rocker
$-26.80
SMagor purchase/S:SM
ERepair Rocker
$-13.20
^
D7/21/92
U-103.78
T-103.78
PHousehold exp-food & supplies
LHouse exp:Food & supplies
SHouse exp:Food & supplies/S:SM
$-34.25
SHouse exp:Food & supplies/M:SM
$-69.53
^
D7/28/92
U-105.89
T-105.89
PHousehold exp-food & supplies
LHouse exp:Food & supplies
SHouse exp:Food & supplies/S:SM
$-34.94
SHouse exp:Food & supplies/M:SM
$-70.95
^
D7/28/92
U-60.00
T-60.00
PHousehold exp -Cleaning
LHouse exp:Cleaning
SHouse exp:Cleaning/M:SM
EJoyce
$-40.20
SHouse exp:Cleaning/S:SM
EJoyce
$-19.80
^
D7/30/92
U-30.74
T-30.74
PHousehold exp-food & supplies
LHouse exp:Food & supplies
SHouse exp:Food & supplies/S:SM
$-10.14
SHouse exp:Food & supplies/M:SM
$-20.60
^
D7/31/92
U-24.73
T-24.73
PHousehold exp-food & supplies
LHouse exp:Food & supplies
SHouse exp:Food & supplies/S:SM
$-8.16
SHouse exp:Food & supplies/M:SM
$-16.57
^
D8/ 3/92
U-52.43
T-52.43
PHousehold exp-food & supplies
LHouse exp:Food & supplies
SHouse exp:Food & supplies/S:SM
$-17.30
SHouse exp:Food & supplies/M:SM
$-35.13
^
D8/ 6/92
U-33.72
T-33.72
PHousehold exp-food & supplies
LHouse exp:Food & supplies
SHouse exp:Food & supplies/S:SM
$-11.13
SHouse exp:Food & supplies/M:SM
$-22.59
^
D8/11/92
U-147.65
T-147.65
PHousehold exp-Misc purchases
LHouse exp:Misc purchases
SHouse exp:Misc purchases/M:SM
ERepair,Shorty
$-98.94
SHouse exp:Misc purchases/S:SM
ERepair,Shorty
$-48.71
^
D8/11/92
U-60.00
T-60.00
PHousehold exp -Cleaning
LHouse exp:Cleaning
SHouse exp:Cleaning/M:SM
EJoyce
$-40.20
SHouse exp:Cleaning/S:SM
EJoyce
$-19.80
^
D8/11/92
U-16.81
T-16.81
PDevoe paint
LDecorating hous
SDecorating hous/M:SM
EDevoe paint
$-11.26
SDecorating hous/S:SM
EDevoe paint'
$-5.55
^
D8/14/92
U-25.83
T-25.83
PHousehold exp-food & supplies
LHouse exp:Food & supplies
SHouse exp:Food & supplies/S:SM
$-8.52
SHouse exp:Food & supplies/M:SM
$-17.31
^
D8/22/92
U-25.44
T-25.44
PHousehold exp-Misc purchases
LHouse exp:Misc purchases
SHouse exp:Misc purchases/M:SM
ECookbook
$-17.05
SHouse exp:Misc purchases/S:SM
ECookbook
$-8.39
^
D8/27/92
U-94.88
T-94.88
PHousehold exp-food & supplies
LHouse exp:Food & supplies
SHouse exp:Food & supplies/S:SM
$-31.31
SHouse exp:Food & supplies/M:SM
$-63.57
^
D8/29/92
U-18.21
T-18.21
PHousehold exp-food & supplies
LHouse exp:Food & supplies
SHouse exp:Food & supplies/S:SM
$-6.01
SHouse exp:Food & supplies/M:SM
$-12.20
^
D8/30/92
U-175.12
T-175.12
PHousehold exp-food & supplies
LHouse exp:Food & supplies
SHouse exp:Food & supplies/S:SM
$-57.79
SHouse exp:Food & supplies/M:SM
$-117.33
^
D8/30/92
U-26.69
T-26.69
PHousehold exp-food & supplies
LHouse exp:Food & supplies
SHouse exp:Food & supplies/S:SM
$-8.81
SHouse exp:Food & supplies/M:SM
$-17.88
^
D8/30/92
U-18.00
T-18.00
PHousehold exp-Misc purchases
LHouse exp:Misc purchases
SHouse exp:Misc purchases/M:SM
EMagazine
$-12.06
SHouse exp:Misc purchases/S:SM
EMagazine
$-5.94
^
D9/ 1/92
U-60.00
T-60.00
PHousehold exp -Cleaning
LHouse exp:Cleaning
SHouse exp:Cleaning/M:SM
EJoyce
$-40.20
SHouse exp:Cleaning/S:SM
EJoyce
$-19.80
^
D9/ 4/92
U4,189.39
T4,189.39
PBalancing entry
^
D9/ 5/92
U-46.76
T-46.76
PHousehold exp-food & supplies
LHouse exp:Food & supplies
SHouse exp:Food & supplies/S:SM
$-15.43
SHouse exp:Food & supplies/M:SM
$-31.33
^
D9/ 8/92
U-19.51
T-19.51
PHousehold exp-food & supplies
LHouse exp:Food & supplies
SHouse exp:Food & supplies/S:SM
$-6.44
SHouse exp:Food & supplies/M:SM
$-13.07
^
D9/12/92
U-46.76
T-46.76
PHousehold exp-food & supplies
LHouse exp:Food & supplies
SHouse exp:Food & supplies/S:SM
$-15.43
SHouse exp:Food & supplies/M:SM
$-31.33
^
D9/15/92
U-60.00
T-60.00
PHousehold exp -Cleaning
LHouse exp:Cleaning
SHouse exp:Cleaning/M:SM
EJoyce
$-40.20
SHouse exp:Cleaning/S:SM
EJoyce
$-19.80
^
D9/20/92
U-36.86
T-36.86
PHousehold exp-food & supplies
LHouse exp:Food & supplies
SHouse exp:Food & supplies/S:SM
$-12.16
SHouse exp:Food & supplies/M:SM
$-24.70
^
D9/22/92
U-180.16
T-180.16
PHousehold exp-food & supplies
LHouse exp:Food & supplies
SHouse exp:Food & supplies/S:SM
$-59.45
SHouse exp:Food & supplies/M:SM
$-120.71
^
D9/22/92
U-20.74
T-20.74
LDecorating hous
SDecorating hous/S:SM
EPaint
$-6.84
SDecorating hous/M:SM
EPaint
$-13.90
^
D9/22/92
U-60.00
T-60.00
PHousehold exp -Cleaning
LHouse exp:Cleaning
SHouse exp:Cleaning/M:SM
ECynthia
$-40.20
SHouse exp:Cleaning/S:SM
ECynthia
$-19.80
^
D9/26/92
U-41.24
T-41.24
PHousehold exp-food & supplies
LHouse exp:Food & supplies
SHouse exp:Food & supplies/S:SM
$-13.61
SHouse exp:Food & supplies/M:SM
$-27.63
^
D9/26/92
U-152.42
T-152.42
PGifts
LGifts
SGifts/M:SM
EDried Flowers
$-76.21
SGifts/S:SM
EDried Flowers
$-76.21
^
D9/27/92
U-26.80
T-26.80
PHousehold exp-food & supplies
LHouse exp:Food & supplies
SHouse exp:Food & supplies/S:SM
$-8.84
SHouse exp:Food & supplies/M:SM
$-17.96
^
D10/ 1/92
U-55.00
T-55.00
PW.Williams
Mlawn
LHouse exp:Lawn
SHouse exp:Lawn/M:SM
$-36.85
SHouse exp:Lawn/S:SM
$-18.15
^
D10/ 2/92
U-72.00
T-72.00
LMagor purchase
SMagor purchase/M:SM
EBill Gay Kitchen chairs
$-48.24
SMagor purchase/S:SM
EBill Gay Kitchen chairs
$-23.76
^
D10/ 3/92
U-40.28
T-40.28
PHousehold exp-Misc purchases
LHouse exp:Misc purchases
SHouse exp:Misc purchases/M:SM
EWilliam Sonoma
$-26.99
SHouse exp:Misc purchases/S:SM
EWilliam Sonoma
$-13.29
^
D10/ 6/92
U-60.00
T-60.00
PHousehold exp -Cleaning
LHouse exp:Cleaning
SHouse exp:Cleaning/M:SM
ECynthia
$-40.20
SHouse exp:Cleaning/S:SM
ECynthia
$-19.80
^
D10/ 6/92
U-25.56
T-25.56
PHousehold exp-Misc purchases
LHouse exp:Misc purchases
SHouse exp:Misc purchases/M:SM
EPlacemates
$-17.13
SHouse exp:Misc purchases/S:SM
EPlacemates
$-8.43
^
D10/ 6/92
U-57.78
T-57.78
PHousehold exp-Misc purchases
LHouse exp:Misc purchases
SHouse exp:Misc purchases/M:SM
ETablecloth
$-38.72
SHouse exp:Misc purchases/S:SM
ETablecloth
$-19.06
^
D10/ 8/92
U-24.21
T-24.21
PHousehold exp-food & supplies
LHouse exp:Food & supplies
SHouse exp:Food & supplies/S:SM
$-7.99
SHouse exp:Food & supplies/M:SM
$-16.22
^
D10/11/92
U3,000.00
T3,000.00
PBalancing entry
^
D10/15/92
U-45.38
T-45.38
PHousehold exp-food & supplies
LHouse exp:Food & supplies
SHouse exp:Food & supplies/S:SM
$-14.98
SHouse exp:Food & supplies/M:SM
$-30.40
^
D10/19/92
U-60.00
T-60.00
PHousehold exp -Cleaning
LHouse exp:Cleaning
SHouse exp:Cleaning/M:SM
ECynthia
$-40.20
SHouse exp:Cleaning/S:SM
ECynthia
$-19.80
^
D10/20/92
U-141.85
T-141.85
PHousehold exp-food & supplies
LHouse exp:Food & supplies
SHouse exp:Food & supplies/S:SM
$-46.81
SHouse exp:Food & supplies/M:SM
$-95.04
^
D10/22/92
U-50.00
T-50.00
PBill Congilio
LHouse exp:Piano
SHouse exp:Piano/M:SM
ETuning
$-33.50
SHouse exp:Piano/S:SM
ETuning
$-16.50
^
D10/28/92
U-11.06
T-11.06
PHousehold exp-Misc purchases
LHouse exp:Misc purchases
SHouse exp:Misc purchases/M:SM
EHardware
$-7.41
SHouse exp:Misc purchases/S:SM
EHardware
$-3.65
^
D10/29/92
U-36.28
T-36.28
PHousehold exp-food & supplies
LHouse exp:Food & supplies
SHouse exp:Food & supplies/S:SM
$-11.97
SHouse exp:Food & supplies/M:SM
$-24.31
^
D10/29/92
U-724.89
T-724.89
PRebecca's Interiors
LDecorating hous
ARebecca's Interiors
AP O Box 320442
ATampa, FL 33679
A
A
SDecorating hous/M:MS
EWallpaper
$-485.68
SDecorating hous/S:MS
EWallpaper
$-239.21
^
D10/30/92
U-35.27
T-35.27
PHousehold exp-Misc purchases
LHouse exp:Misc purchases
SHouse exp:Misc purchases/M:SM
EXmas Decerations
$-23.63
SHouse exp:Misc purchases/S:SM
EXmas Decerations
$-11.64
^
D10/30/92
U-47.02
T-47.02
PHousehold exp-Misc purchases
LHouse exp:Misc purchases
SHouse exp:Misc purchases/M:SM
ESilver Pillboxes
$-31.51
SHouse exp:Misc purchases/S:SM
ESilver Pillboxes
$-15.51
^
D11/ 1/92
U-33.65
T-33.65
PHousehold exp-Misc purchases
LHouse exp:Misc purchases
SHouse exp:Misc purchases/M:SM
EGormet Kitchen VA
$-22.55
SHouse exp:Misc purchases/S:SM
EGormet Kitchen VA
$-11.10
^
D11/ 3/92
U-61.02
T-61.02
LMagor purchase
SMagor purchase/M:SM
EFurniture Doctors
$-40.88
SMagor purchase/S:SM
EFurniture Doctors
$-20.14
^
D11/ 3/92
U-200.00
T-200.00
PHousehold exp -Cleaning
LHouse exp:Cleaning
SHouse exp:Cleaning/M:SM
EJoyce
$-134.00
SHouse exp:Cleaning/S:SM
EJoyce
$-66.00
^
D11/ 5/92
U-29.49
T-29.49
PHousehold exp-food & supplies
LHouse exp:Food & supplies
SHouse exp:Food & supplies/S:SM
$-9.73
SHouse exp:Food & supplies/M:SM
$-19.76
^
D11/ 9/92
U-171.47
T-171.47
PGifts
LGifts
SGifts/M:SM
EDryed Flowers
$-85.73
SGifts/S:SM
EDryed Flowers
$-85.74
^
D11/10/92
U-60.00
T-60.00
PHousehold exp -Cleaning
LHouse exp:Cleaning
SHouse exp:Cleaning/M:SM
ECynthia
$-40.20
SHouse exp:Cleaning/S:SM
ECynthia
$-19.80
^
D11/10/92
U-121.33
T-121.33
PHousehold exp-Misc purchases
LHouse exp:Misc purchases
SHouse exp:Misc purchases/M:SM
EKitchen-Marshalls
$-81.30
SHouse exp:Misc purchases/S:SM
EKitchen-Marshalls
$-40.03
^
D11/12/92
U-44.69
T-44.69
PHousehold exp-Misc purchases
LHouse exp:Misc purchases
SHouse exp:Misc purchases/M:SM
ELinens
$-29.95
SHouse exp:Misc purchases/S:SM
ELinens
$-14.74
^
D11/12/92
U-108.16
T-108.16
PHousehold exp-food & supplies
LHouse exp:Food & supplies
SHouse exp:Food & supplies/S:SM
$-35.69
SHouse exp:Food & supplies/M:SM
$-72.47
^
D11/13/92
U-20.00
T-20.00
PHousehold exp-Misc purchases
LHouse exp:Misc purchases
SHouse exp:Misc purchases/M:SM
EVCR Repair
$-13.40
SHouse exp:Misc purchases/S:SM
EVCR Repair
$-6.60
^
D11/13/92
U-208.30
T-208.30
LMagor purchase
SMagor purchase/M:SM
E16qt Stewpot
$-139.56
SMagor purchase/S:SM
E16qt Stewpot
$-68.74
^
D11/13/92
U-208.00
T-208.00
PHousehold exp-Misc purchases
LHouse exp:Misc purchases
SHouse exp:Misc purchases/M:SM
EBig   pot
$-139.38
SHouse exp:Misc purchases/S:SM
EBig   pot
$-68.62
^
D11/14/92
U-39.36
T-39.36
PHousehold exp-food & supplies
LHouse exp:Food & supplies
SHouse exp:Food & supplies/S:SM
$-12.99
SHouse exp:Food & supplies/M:SM
$-26.37
^
D11/14/92
U-75.60
T-75.60
PGifts
LGifts
SGifts/M:SM
ENancy-Marshalls
$-37.80
SGifts/S:SM
ENancy-Marshalls
$-37.80
^
D11/17/92
U-61.00
T-61.00
PHousehold exp-Misc purchases
LHouse exp:Misc purchases
SHouse exp:Misc purchases/M:SM
ECross Pest Control
$-40.88
SHouse exp:Misc purchases/S:SM
ECross Pest Control
$-20.12
^
D11/19/92
U-1,219.69
T-1,219.69
PRebecca's Interiors
LDecorating hous
ARebecca's Interiors
AP O Box 320442
ATampa, FL 33679
A
A
SDecorating hous/M:SM
EFurniture Fabric
$-817.19
SDecorating hous/S:SM
EFurniture Fabric
$-402.50
^
D11/19/92
U-6.87
T-6.87
LDecorating hous
SDecorating hous/M:MS
Epaint
$-4.60
SDecorating hous/S:MS
Epaint
$-2.27
^
D11/24/92
U-175.47
T-175.47
PHousehold exp-Misc purchases
LHouse exp:Misc purchases
SHouse exp:Misc purchases/M:SM
EHousehold-TJ Max
$-117.58
SHouse exp:Misc purchases/S:SM
EHousehold-TJ Max
$-57.89
^
D11/24/92
U-21.70
T-21.70
PHousehold exp-food & supplies
LHouse exp:Food & supplies
SHouse exp:Food & supplies/S:SM
$-7.16
SHouse exp:Food & supplies/M:SM
$-14.54
^
D11/24/92
U-700.00
T-700.00
PJohn Wise
MPaint & wallpaper
LDecorating hous
SDecorating hous/M:SM
EJohn Wise
$-469.00
SDecorating hous/S:SM
EJohn Wise
$-231.00
^
D12/ 1/92
U-60.00
T-60.00
PHousehold exp -Cleaning
LHouse exp:Cleaning
SHouse exp:Cleaning/M:SM
ECynthia
$-40.20
SHouse exp:Cleaning/S:SM
ECynthia
$-19.80
^
D12/ 3/92
U-42.80
T-42.80
PHousehold exp-food & supplies
LHouse exp:Food & supplies
SHouse exp:Food & supplies/S:SM
EVitamans
$-14.12
SHouse exp:Food & supplies/M:SM
EVitamans
$-28.68
^
D12/ 5/92
U-71.89
T-71.89
PHousehold exp-Misc purchases
LHouse exp:Misc purchases
SHouse exp:Misc purchases/M:SM
ECandles & Christmas Dec
$-48.17
SHouse exp:Misc purchases/S:SM
ECandles & Christmas Dec
$-23.72
^
D12/ 5/92
U-94.53
T-94.53
LDecorating hous
SDecorating hous/M:MS
EBathroom Fixtures
$-63.34
SDecorating hous/S:MS
EBathroom Fixtures
$-31.19
^
D12/ 9/92
U-108.90
T-108.90
PPGA Passport
LLeasure:Golf
SLeasure:Golf/M:MS
$-54.45
SLeasure:Golf/S:MS
$-54.45
^
D12/10/92
U-881.40
T-881.40
PBill Gay
LDecorating hous
SDecorating hous/M:SM
EUpholstry Furniture
$-590.54
SDecorating hous/S:SM
EUpholstry Furniture
$-290.86
^
D12/10/92
U-147.84
T-147.84
PJohn Wise
MPaint & wallpaper
LDecorating hous
SDecorating hous/M:MS
$-99.05
SDecorating hous/S:MS
$-48.79
^
D12/10/92
U-31.70
T-31.70
PRenovators Supply
LDecorating hous
SDecorating hous/M:MS
ESwitch covers
$-21.24
SDecorating hous/S:MS
ESwitch covers
$-10.46
^
D12/12/92
U-22.88
T-22.88
LChild expen:Gifts
SChild expen:Gifts/M:MS
EMatt & Susanna
$-11.44
SChild expen:Gifts/S:MS
EMatt & Susanna
$-11.44
^
D12/12/92
U-36.27
T-36.27
LLiving exp:Gifts
SLiving exp:Gifts/M:MS
Epostage
$-18.13
SLiving exp:Gifts/S:MS
Epostage
$-18.14
^
D12/12/92
U-43.45
T-43.45
PHousehold exp-Misc purchases
LHouse exp:Misc purchases
SHouse exp:Misc purchases/M:SM
EPlacemates
$-29.12
SHouse exp:Misc purchases/S:SM
EPlacemates
$-14.33
^
D12/13/92
U-100.11
T-100.11
LLiving exp:Gifts
SLiving exp:Gifts/M:MS
ENancy sweater
$-50.05
SLiving exp:Gifts/S:MS
ENancy sweater
$-50.06
^
D12/13/92
U-195.96
T-195.96
LLiving exp:Gifts
SLiving exp:Gifts/M:MS
EAnn's outfit
$-97.98
SLiving exp:Gifts/S:MS
EAnn's outfit
$-97.98
^
D12/15/92
U-163.40
T-163.40
LDecorating hous
SDecorating hous/M:MS
EFrames,Bathroom
$-109.48
SDecorating hous/S:MS
EFrames,Bathroom
$-53.92
^
D12/15/92
U-60.00
T-60.00
PHousehold exp -Cleaning
LHouse exp:Cleaning
SHouse exp:Cleaning/M:SM
ECynthia
$-40.20
SHouse exp:Cleaning/S:SM
ECynthia
$-19.80
^
D12/17/92
U-24.54
T-24.54
PHousehold exp-food & supplies
LHouse exp:Food & supplies
SHouse exp:Food & supplies/S:SM
$-8.10
SHouse exp:Food & supplies/M:SM
$-16.44
^
D12/17/92
U-63.72
T-63.72
PHousehold exp-food & supplies
LHouse exp:Food & supplies
SHouse exp:Food & supplies/S:SM
$-21.03
SHouse exp:Food & supplies/M:SM
$-42.69
^
D12/17/92
U-23.97
T-23.97
PHousehold exp-Misc purchases
LHouse exp:Misc purchases
SHouse exp:Misc purchases/M:SM
$-16.06
SHouse exp:Misc purchases/S:SM
$-7.91
^
D12/17/92
U-27.00
T-27.00
LLiving exp:Gifts
SLiving exp:Gifts/M:MS
EM Aboff,b-day
$-13.50
SLiving exp:Gifts/S:MS
EM Aboff,b-day
$-13.50
^
D12/19/92
U-59.93
T-59.93
PHousehold exp-food & supplies
LHouse exp:Food & supplies
SHouse exp:Food & supplies/S:SM
$-19.78
SHouse exp:Food & supplies/M:SM
$-40.15
^
D12/19/92
U-17.35
T-17.35
PHousehold exp-food & supplies
LHouse exp:Food & supplies
SHouse exp:Food & supplies/S:SM
$-5.73
SHouse exp:Food & supplies/M:SM
$-11.62
^
D12/19/92
U-93.60
T-93.60
LLiving exp:Gifts
SLiving exp:Gifts/M:MS
EJon's socks
$-46.80
SLiving exp:Gifts/S:MS
EJon's socks
$-46.80
^
D12/20/92
U-21.50
T-21.50
LLiving exp:Gifts
SLiving exp:Gifts/M:MS
EPatsy,s Gift
$-10.75
SLiving exp:Gifts/S:MS
EPatsy,s Gift
$-10.75
^
D12/20/92
U-50.00
T-50.00
PHousehold exp -Cleaning
LHouse exp:Cleaning
SHouse exp:Cleaning/M:SM
ECynthia-Gift
$-25.00
SHouse exp:Cleaning/S:SM
ECynthia-Gift
$-25.00
^
D12/20/92
U-100.00
T-100.00
LLiving exp:Gifts
SLiving exp:Gifts/M:MS
ERob
$-50.00
SLiving exp:Gifts/S:MS
ERob
$-50.00
^
D12/31/92
U20.67
T20.67
L[Justin College]
^
D12/31/92
U-60.00
T-60.00
PHousehold exp -Cleaning
LHouse exp:Cleaning
SHouse exp:Cleaning/M:SM
ECynthia
$-40.20
SHouse exp:Cleaning/S:SM
ECynthia
$-19.80
^
D12/31/92
U-43.94
T-43.94
PHousehold exp-Misc purchases
LHouse exp:Misc purchases
SHouse exp:Misc purchases/M:SM
EMagazines
$-29.44
SHouse exp:Misc purchases/S:SM
EMagazines
$-14.50
^
D1/ 7/93
U-35.76
T-35.76
PHousehold exp-food & supplies
LHouse exp:Food & supplies
SHouse exp:Food & supplies/S:SM
$-11.80
SHouse exp:Food & supplies/M:SM
$-23.96
^
D1/12/93
U-60.00
T-60.00
PHousehold exp -Cleaning
LHouse exp:Cleaning
SHouse exp:Cleaning/M:SM
ECynthia
$-40.20
SHouse exp:Cleaning/S:SM
ECynthia
$-19.80
^
D1/14/93
U-76.81
T-76.81
PHousehold exp-Misc purchases
LHouse exp:Misc purchases
SHouse exp:Misc purchases/M:SM
EKitchen containers
$-51.47
SHouse exp:Misc purchases/S:SM
EKitchen containers
$-25.34
^
D1/14/93
U-85.12
T-85.12
PHousehold exp-Misc purchases
LHouse exp:Misc purchases
SHouse exp:Misc purchases/M:SM
ECrystal glasses
$-57.04
SHouse exp:Misc purchases/S:SM
ECrystal glasses
$-28.08
^
D1/16/93
U-35.59
T-35.59
PHousehold exp-food & supplies
LHouse exp:Food & supplies
SHouse exp:Food & supplies/S:SM
$-11.74
SHouse exp:Food & supplies/M:SM
$-23.85
^
D1/18/93
U-60.00
T-60.00
PHousehold exp -Cleaning
LHouse exp:Cleaning
SHouse exp:Cleaning/M:SM
ECynthia
$-40.20
SHouse exp:Cleaning/S:SM
ECynthia
$-19.80
^
D1/19/93
U-30.00
T-30.00
PEntertainment Book
LEnter:Dinning
SEnter:Dinning/S:SM
EEntertainment Book
$-9.90
SEnter:Dinning/M:SM
EEntertainment Book
$-20.10
^
D1/24/93
U-98.50
T-98.50
LDecorating hous
SDecorating hous/S:SM
EJustin's comferter
$-32.50
SDecorating hous/M:SM
EJustin's comferter
$-66.00
^
D1/26/93
U-78.37
T-78.37
PHousehold exp-food & supplies
LHouse exp:Food & supplies
SHouse exp:Food & supplies/S:SM
$-25.86
SHouse exp:Food & supplies/M:SM
$-52.51
^
D1/29/93
U-33.56
T-33.56
PHousehold exp-food & supplies
LHouse exp:Food & supplies
SHouse exp:Food & supplies/S:SM
$-11.07
SHouse exp:Food & supplies/M:SM
$-22.49
^
D1/31/93
U-192.11
T-192.11
PHousehold exp-food & supplies
LHouse exp:Food & supplies
SHouse exp:Food & supplies/S:SM
$-63.40
SHouse exp:Food & supplies/M:SM
$-128.71
^
D2/ 8/93
U-75.67
T-75.67
PHousehold exp-food & supplies
LHouse exp:Food & supplies
SHouse exp:Food & supplies/S:SM
$-24.97
SHouse exp:Food & supplies/M:SM
$-50.70
^
D2/ 9/93
U-60.00
T-60.00
PHousehold exp -Cleaning
LHouse exp:Cleaning
SHouse exp:Cleaning/M:SM
ECynthia
$-40.20
SHouse exp:Cleaning/S:SM
ECynthia
$-19.80
^
D2/11/93
U-33.81
T-33.81
PHousehold exp-food & supplies
LHouse exp:Food & supplies
SHouse exp:Food & supplies/S:SM
$-11.16
SHouse exp:Food & supplies/M:SM
$-22.65
^
D2/16/93
U-32.43
T-32.43
PHousehold exp-food & supplies
LHouse exp:Food & supplies
SHouse exp:Food & supplies/S:SM
$-10.70
SHouse exp:Food & supplies/M:SM
$-21.73
^
D2/16/93
U-20.06
T-20.06
PHousehold exp-food & supplies
LHouse exp:Food & supplies
SHouse exp:Food & supplies/S:SM
$-6.62
SHouse exp:Food & supplies/M:SM
$-13.44
^
D2/18/93
U-22.95
T-22.95
PHousehold exp-food & supplies
LHouse exp:Food & supplies
SHouse exp:Food & supplies/S:SM
$-7.57
SHouse exp:Food & supplies/M:SM
$-15.38
^
D2/20/93
U-53.39
T-53.39
LDecorating hous
SDecorating hous/S:SM
EFurniture Doc lec/book
$-17.62
SDecorating hous/M:SM
EFurniture Doc lec
$-35.77
^
D2/23/93
U-60.00
T-60.00
PHousehold exp -Cleaning
LHouse exp:Cleaning
SHouse exp:Cleaning/M:SM
ECynthia
$-40.20
SHouse exp:Cleaning/S:SM
ECynthia
$-19.80
^
D2/25/93
U-1,123.48
T-1,123.48
LDecorating hous
SDecorating hous/S:SM
EBoys beds
$-370.75
SDecorating hous/M:SM
EBoys beds
$-752.73
^
D2/25/93
U-45.65
T-45.65
PHousehold exp-food & supplies
LHouse exp:Food & supplies
SHouse exp:Food & supplies/S:SM
$-15.06
SHouse exp:Food & supplies/M:SM
$-30.59
^
D3/ 2/93
U-170.00
T-170.00
PWilliam Gay
LDecorating hous
SDecorating hous/S:MS
EPillows
$-56.10
SDecorating hous/M:MS
EPillows
$-113.90
^
D3/ 2/93
U-55.00
T-55.00
PW.Williams
Mlawn
LHouse exp:Lawn
SHouse exp:Lawn/M:SM
$-36.85
SHouse exp:Lawn/S:SM
$-18.15
^
D3/ 4/93
U-24.01
T-24.01
PHousehold exp-food & supplies
LHouse exp:Food & supplies
SHouse exp:Food & supplies/S:SM
$-7.92
SHouse exp:Food & supplies/M:SM
$-16.09
^
D3/ 4/93
U-54.28
T-54.28
PHousehold exp-Misc purchases
LHouse exp:Misc purchases
SHouse exp:Misc purchases/M:SM
EBedding
$-36.37
SHouse exp:Misc purchases/S:SM
EBedding
$-17.91
^
D3/ 4/93
U-40.36
T-40.36
PHousehold exp-Misc purchases
LHouse exp:Misc purchases
SHouse exp:Misc purchases/M:SM
ELamp repair
$-27.05
SHouse exp:Misc purchases/S:SM
ELamp repair
$-13.31
^
D3/ 4/93
U-42.33
T-42.33
PHousehold exp-Misc purchases
LHouse exp:Misc purchases
SHouse exp:Misc purchases/M:SM
EBedding/Kitchen
$-28.37
SHouse exp:Misc purchases/S:SM
EBedding
$-13.96
^
D3/ 9/93
U-60.00
T-60.00
PHousehold exp -Cleaning
LHouse exp:Cleaning
SHouse exp:Cleaning/M:SM
ECynthia
$-40.20
SHouse exp:Cleaning/S:SM
ECynthia
$-19.80
^
D3/14/93
U-15.43
T-15.43
PHousehold exp-food & supplies
LHouse exp:Food & supplies
SHouse exp:Food & supplies/S:SM
$-5.09
SHouse exp:Food & supplies/M:SM
$-10.34
^
D3/15/93
U-248.36
T-248.36
PUniway
LDecorating hous
SDecorating hous/S:SM
EBedspreds
$-81.96
SDecorating hous/M:SM
EBedspreds
$-166.40
^
D3/16/93
U-200.00
T-200.00
PHousehold exp-Misc purchases
LHouse exp:Misc purchases
SHouse exp:Misc purchases/M:SM
EScotchguarding
$-134.02
SHouse exp:Misc purchases/S:SM
EScotchguarding
$-65.98
^
D3/16/93
U-69.22
T-69.22
PHousehold exp-Misc purchases
LHouse exp:Misc purchases
SHouse exp:Misc purchases/M:SM
ESiulver estate sale
$-46.38
SHouse exp:Misc purchases/S:SM
ESiulver estate sale
$-22.84
^
D3/16/93
U-98.50
T-98.50
LDecorating hous
SDecorating hous/S:SM
EJustin's comforter
$-32.50
SDecorating hous/M:SM
EJustin's comforter
$-66.00
^
D3/18/93
U-41.51
T-41.51
PHousehold exp-Misc purchases
LHouse exp:Misc purchases
SHouse exp:Misc purchases/M:SM
EPillows for bed
$-27.82
SHouse exp:Misc purchases/S:SM
EPillows for bed
$-13.69
^
D3/18/93
U-55.87
T-55.87
PHousehold exp-Misc purchases
LHouse exp:Misc purchases
SHouse exp:Misc purchases/M:SM
EVCR repire
$-37.44
SHouse exp:Misc purchases/S:SM
EVCR repire
$-18.43
^
D3/23/93
U-60.00
T-60.00
PHousehold exp -Cleaning
LHouse exp:Cleaning
SHouse exp:Cleaning/M:SM
ECynthia
$-40.20
SHouse exp:Cleaning/S:SM
ECynthia
$-19.80
^
D3/23/93
U-23.32
T-23.32
PHousehold exp-food & supplies
LHouse exp:Food & supplies
SHouse exp:Food & supplies/S:SM
$-7.70
SHouse exp:Food & supplies/M:SM
$-15.62
^
D3/23/93
U-15.00
T-15.00
PHousehold exp-Misc purchases
LHouse exp:Misc purchases
SHouse exp:Misc purchases/M:SM
ERepair answering machine
$-10.05
SHouse exp:Misc purchases/S:SM
ERepair answering machine
$-4.95
^
D3/26/93
U-56.55
T-56.55
PHousehold exp-Misc purchases
LHouse exp:Misc purchases
SHouse exp:Misc purchases/M:SM
EKitchen stuff
$-37.89
SHouse exp:Misc purchases/S:SM
EKitchen stuff
$-18.66
^
D3/26/93
U-40.00
T-40.00
PHousehold exp-Misc purchases
LHouse exp:Misc purchases
SHouse exp:Misc purchases/M:SM
EBlankets
$-26.80
SHouse exp:Misc purchases/S:SM
EBlankets
$-13.20
^
D4/ 4/93
U-22.75
T-22.75
PHousehold exp-food & supplies
LHouse exp:Food & supplies
SHouse exp:Food & supplies/S:SM
$-7.51
SHouse exp:Food & supplies/M:SM
$-15.24
^
D4/ 6/93
U-60.00
T-60.00
PHousehold exp -Cleaning
LHouse exp:Cleaning
SHouse exp:Cleaning/M:SM
ECynthia
$-40.20
SHouse exp:Cleaning/S:SM
ECynthia
$-19.80
^
D4/ 8/93
U-156.53
T-156.53
PHousehold exp-food & supplies
LHouse exp:Food & supplies
SHouse exp:Food & supplies/S:SM
$-51.65
SHouse exp:Food & supplies/M:SM
$-104.88
^
D4/12/93
U-48.78
T-48.78
PGifts
LLiving exp:Gifts
SLiving exp:Gifts/M:SM
$-24.39
SLiving exp:Gifts/S:SM
$-24.39
^
D4/18/93
U-47.16
T-47.16
PHousehold exp-Misc purchases
MEstate sale
LHouse exp:Misc purchases
SHouse exp:Misc purchases/M:SM
$-31.60
SHouse exp:Misc purchases/S:SM
$-15.56
^
D4/20/93
U-60.00
T-60.00
PHousehold exp -Cleaning
LHouse exp:Cleaning
SHouse exp:Cleaning/M:SM
ECynthia
$-40.20
SHouse exp:Cleaning/S:SM
ECynthia
$-19.80
^
D4/22/93
U-39.72
T-39.72
PHousehold exp-food & supplies
LHouse exp:Food & supplies
SHouse exp:Food & supplies/S:SM
$-13.11
SHouse exp:Food & supplies/M:SM
$-26.61
^
D4/22/93
U-107.00
T-107.00
PHousehold exp-Misc purchases
MCross Pest Control
LHouse exp:Misc purchases
SHouse exp:Misc purchases/M:SM
$-71.70
SHouse exp:Misc purchases/S:SM
$-35.30
^
D4/22/93
U-60.00
T-60.00
PHousehold exp-Misc purchases
MConcert 90
LHouse exp:Misc purchases
SHouse exp:Misc purchases/M:SM
$-40.21
SHouse exp:Misc purchases/S:SM
$-19.79
^
D4/25/93
U-347.14
T-347.14
PCasparilla Inn
LTravel:Boca Grand/M
^
D4/27/93
U-44.23
T-44.23
PHousehold exp-food & supplies
LHouse exp:Food & supplies
SHouse exp:Food & supplies/S:SM
$-14.60
SHouse exp:Food & supplies/M:SM
$-29.63
^
D4/27/93
U-93.00
T-93.00
PHousehold exp-Misc purchases
MAAA
LHouse exp:Misc purchases
SHouse exp:Misc purchases/M:SM
$-62.32
SHouse exp:Misc purchases/S:SM
$-30.68
^
D4/29/93
U-78.62
T-78.62
PHousehold exp-food & supplies
LHouse exp:Food & supplies
SHouse exp:Food & supplies/S:SM
$-25.94
SHouse exp:Food & supplies/M:SM
$-52.68
^
D4/29/93
U-69.14
T-69.14
PHousehold exp-Misc purchases
MMarshalls
LHouse exp:Misc purchases
SHouse exp:Misc purchases/M:SM
$-46.33
SHouse exp:Misc purchases/S:SM
$-22.81
^
D5/ 4/93
U-60.00
T-60.00
PHousehold exp -Cleaning
LHouse exp:Cleaning
SHouse exp:Cleaning/M:SM
ECynthia
$-40.20
SHouse exp:Cleaning/S:SM
ECynthia
$-19.80
^
D5/ 6/93
U-26.88
T-26.88
PHousehold exp-food & supplies
LHouse exp:Food & supplies
SHouse exp:Food & supplies/S:SM
$-8.87
SHouse exp:Food & supplies/M:SM
$-18.01
^
D5/ 6/93
U-46.34
T-46.34
PHousehold exp-food & supplies
MVitimins
LHouse exp:Food & supplies
SHouse exp:Food & supplies/S:SM
$-15.29
SHouse exp:Food & supplies/M:SM
$-31.05
^
D5/ 6/93
U-10.55
T-10.55
PHousehold exp-Misc purchases
LHouse exp:Misc purchases
SHouse exp:Misc purchases/M:SM
$-7.07
SHouse exp:Misc purchases/S:SM
$-3.48
^
D5/ 6/93
U-21.00
T-21.00
PHousehold exp-Misc purchases
MMagazine
LHouse exp:Misc purchases
SHouse exp:Misc purchases/M:SM
$-14.07
SHouse exp:Misc purchases/S:SM
$-6.93
^
D5/12/93
U-32.54
T-32.54
PHousehold exp-food & supplies
LHouse exp:Food & supplies
SHouse exp:Food & supplies/S:SM
$-10.74
SHouse exp:Food & supplies/M:SM
$-21.80
^
D5/13/93
U-19.81
T-19.81
PHousehold exp-Misc purchases
MUniway fright
LHouse exp:Misc purchases
SHouse exp:Misc purchases/M:SM
$-13.27
SHouse exp:Misc purchases/S:SM
$-6.54
^
D5/14/93
U-50.73
T-50.73
PHousehold exp-Misc purchases
MBed sheets- Justin
LHouse exp:Misc purchases
SHouse exp:Misc purchases/M:SM
$-33.99
SHouse exp:Misc purchases/S:SM
$-16.74
^
D5/18/93
U-60.00
T-60.00
PHousehold exp -Cleaning
LHouse exp:Cleaning
SHouse exp:Cleaning/M:SM
ECynthia
$-40.20
SHouse exp:Cleaning/S:SM
ECynthia
$-19.80
^
D5/20/93
U-183.78
T-183.78
PHousehold exp-food & supplies
LHouse exp:Food & supplies
SHouse exp:Food & supplies/S:SM
$-60.65
SHouse exp:Food & supplies/M:SM
$-123.13
^
D5/22/93
U-575.00
T-575.00
LMagor purchase
SMagor purchase/M:SM
EDresser
$-385.25
SMagor purchase/S:SM
EDresser
$-189.75
^
D5/22/93
U-670.45
T-670.45
LMagor purchase
SMagor purchase/M:SM
EDesk
$-449.20
SMagor purchase/S:SM
EDesk
$-221.25
^
D5/25/93
U-25.00
T-25.00
PHousehold exp-food & supplies
MPace membership
LHouse exp:Food & supplies
SHouse exp:Food & supplies/S:SM
$-8.25
SHouse exp:Food & supplies/M:SM
$-16.75
^
D5/27/93
U-88.83
T-88.83
PHousehold exp-Misc purchases
MStorage bins kitchin
LHouse exp:Misc purchases
SHouse exp:Misc purchases/M:SM
$-59.52
SHouse exp:Misc purchases/S:SM
$-29.31
^
D6/ 1/93
U-60.00
T-60.00
PHousehold exp -Cleaning
LHouse exp:Cleaning
SHouse exp:Cleaning/M:SM
ECynthia
$-40.20
SHouse exp:Cleaning/S:SM
ECynthia
$-19.80
^
D6/ 1/93
U-38.57
T-38.57
LHouse exp:Misc purchases
SHouse exp:Misc purchases/S:SM
EJustin lamp
$-12.86
SHouse exp:Misc purchases/M:SM
EJustin lamp
$-25.71
^
D6/ 1/93
U-146.44
T-146.44
LMagor purchase
SMagor purchase/S:SM
EJustin's headboard
$-48.81
SMagor purchase/M:SM
EJustin's headboard
$-97.63
^
D6/ 2/93
U-24.28
T-24.28
PHousehold exp-food & supplies
LHouse exp:Food & supplies
SHouse exp:Food & supplies/S:SM
$-8.01
SHouse exp:Food & supplies/M:SM
$-16.27
^
D6/ 9/93
U-229.90
T-229.90
LHouse exp:Home repair
SHouse exp:Home repair/S:SM
EShorty-repair fence,tv,fauc
$-76.63
SHouse exp:Home repair/M:SM
EShorty-repair fence,tv,fauc
$-153.27
^
D6/10/93
U-52.66
T-52.66
PHousehold exp-food & supplies
LHouse exp:Food & supplies
SHouse exp:Food & supplies/S:SM
$-17.38
SHouse exp:Food & supplies/M:SM
$-35.28
^
D6/13/93
U-54.92
T-54.92
PHousehold exp-food & supplies
LHouse exp:Food & supplies
SHouse exp:Food & supplies/S:SM
$-18.12
SHouse exp:Food & supplies/M:SM
$-36.80
^
D6/13/93
U-75.00
T-75.00
PHousehold exp-Misc purchases
LHouse exp:Misc purchases
SHouse exp:Misc purchases/M:SM
EEnd table \Master bedroom
$-50.26
SHouse exp:Misc purchases/S:SM
EEnd table \Master bedroom
$-24.74
^
D6/15/93
U-60.00
T-60.00
PHousehold exp -Cleaning
LHouse exp:Cleaning
SHouse exp:Cleaning/M:SM
ECynthia
$-40.20
SHouse exp:Cleaning/S:SM
ECynthia
$-19.80
^
D6/16/93
U-31.08
T-31.08
PHousehold exp-food & supplies
LHouse exp:Food & supplies
SHouse exp:Food & supplies/S:SM
$-10.26
SHouse exp:Food & supplies/M:SM
$-20.82
^
D6/16/93
U-68.31
T-68.31
PHousehold exp-Misc purchases
LHouse exp:Misc purchases
SHouse exp:Misc purchases/M:SM
Eglass top
$-45.77
SHouse exp:Misc purchases/S:SM
Eglass top
$-22.54
^
D6/18/93
U-61.96
T-61.96
LHouse exp:Home repair
SHouse exp:Home repair/S:SM
ECarson's Pluming
$-20.65
SHouse exp:Home repair/M:SM
ECarson's Pluming
$-41.31
^
D6/20/93
U-35.91
T-35.91
PHousehold exp-food & supplies
LHouse exp:Food & supplies
SHouse exp:Food & supplies/S:SM
$-11.85
SHouse exp:Food & supplies/M:SM
$-24.06
^
D6/21/93
U-18.50
T-18.50
PHousehold exp-Misc purchases
LHouse exp:Misc purchases
SHouse exp:Misc purchases/M:SM
$-12.40
SHouse exp:Misc purchases/S:SM
$-6.10
^
D6/24/93
U-83.00
T-83.00
LHouse exp:Home repair
SHouse exp:Home repair/S:SM
EShorty
$-27.67
SHouse exp:Home repair/M:SM
EShorty
$-55.33
^
D6/29/93
U-60.00
T-60.00
PHousehold exp -Cleaning
LHouse exp:Cleaning
SHouse exp:Cleaning/M:SM
ECynthia
$-40.20
SHouse exp:Cleaning/S:SM
ECynthia
$-19.80
^
D7/10/93
U-97.83
T-97.83
PHousehold exp-food & supplies
LHouse exp:Food & supplies
SHouse exp:Food & supplies/S:SM
$-32.28
SHouse exp:Food & supplies/M:SM
$-65.55
^
D7/13/93
U-60.00
T-60.00
PHousehold exp -Cleaning
LHouse exp:Cleaning
SHouse exp:Cleaning/M:SM
ECynthia
$-40.20
SHouse exp:Cleaning/S:SM
ECynthia
$-19.80
^
D7/15/93
U-49.98
T-49.98
PHousehold exp -Minor purchases
LHouse exp:Misc purchases
SHouse exp:Misc purchases/S:SM
EAncering machrine
$-16.66
SHouse exp:Misc purchases/M:SM
EAncering machrine
$-33.32
^
D7/15/93
U-109.04
T-109.04
PHousehold exp-food & supplies
LHouse exp:Food & supplies
SHouse exp:Food & supplies/S:SM
$-35.98
SHouse exp:Food & supplies/M:SM
$-73.06
^
D7/15/93
U-18.20
T-18.20
PHousehold exp-Misc purchases
LHouse exp:Misc purchases
SHouse exp:Misc purchases/M:SM
$-12.20
SHouse exp:Misc purchases/S:SM
$-6.00
^
D7/20/93
U-23.10
T-23.10
PHousehold exp-food & supplies
LHouse exp:Food & supplies
SHouse exp:Food & supplies/S:SM
$-7.62
SHouse exp:Food & supplies/M:SM
$-15.48
^
D7/23/93
U-29.64
T-29.64
PHousehold exp-food & supplies
LHouse exp:Food & supplies
SHouse exp:Food & supplies/S:SM
$-9.78
SHouse exp:Food & supplies/M:SM
$-19.86
^
D8/ 2/93
U-32.00
T-32.00
PHousehold exp-Misc purchases
LHouse exp:Misc purchases
SHouse exp:Misc purchases/M:SM
ENavy sheets  Justin
$-21.44
SHouse exp:Misc purchases/S:SM
ENavy sheets  Justin
$-10.56
^
D8/ 3/93
U-60.00
T-60.00
PHousehold exp -Cleaning
LHouse exp:Cleaning
SHouse exp:Cleaning/M:SM
ECynthia
$-40.20
SHouse exp:Cleaning/S:SM
ECynthia
$-19.80
^
D8/ 5/93
U-41.38
T-41.38
PHousehold exp-food & supplies
LHouse exp:Food & supplies
SHouse exp:Food & supplies/S:SM
$-13.66
SHouse exp:Food & supplies/M:SM
$-27.72
^
D8/ 5/93
U-37.26
T-37.26
PHousehold exp-food & supplies
LHouse exp:Food & supplies
SHouse exp:Food & supplies/S:SM
$-12.30
SHouse exp:Food & supplies/M:SM
$-24.96
^
D8/ 5/93
U-33.97
T-33.97
PHousehold exp-food & supplies
LHouse exp:Food & supplies
SHouse exp:Food & supplies/S:SM
$-11.21
SHouse exp:Food & supplies/M:SM
$-22.76
^
D8/11/93
U-179.24
T-179.24
PHousehold exp-Misc purchases
LHouse exp:Misc purchases
SHouse exp:Misc purchases/M:SM
EChines vases  Sten mart
$-120.11
SHouse exp:Misc purchases/S:SM
EChines vases  Sten mart
$-59.13
^
D8/11/93
U-163.24
T-163.24
PHousehold exp-Misc purchases
LHouse exp:Misc purchases
SHouse exp:Misc purchases/M:SM
EChinese bowls   pillows
$-109.39
SHouse exp:Misc purchases/S:SM
EChinese bowls   pillows
$-53.85
^
D8/13/93
U-22.24
T-22.24
PHousehold exp-food & supplies
LHouse exp:Food & supplies
SHouse exp:Food & supplies/S:SM
$-7.34
SHouse exp:Food & supplies/M:SM
$-14.90
^
D8/15/93
U-20.77
T-20.77
PHousehold exp-Misc purchases
LHouse exp:Misc purchases
SHouse exp:Misc purchases/M:SM
Ecandles
$-13.92
SHouse exp:Misc purchases/S:SM
Ecandles
$-6.85
^
D8/15/93
U-12.73
T-12.73
PHousehold exp-Misc purchases
LHouse exp:Misc purchases
SHouse exp:Misc purchases/M:SM
EPlastic glasses  Peir 1
$-8.53
SHouse exp:Misc purchases/S:SM
EPlastic glasses  Peir 1
$-4.20
^
D8/15/93
U-22.48
T-22.48
PHousehold exp-Misc purchases
LHouse exp:Misc purchases
SHouse exp:Misc purchases/M:SM
$-15.06
SHouse exp:Misc purchases/S:SM
$-7.42
^
D8/15/93
U-34.61
T-34.61
PHousehold exp-Misc purchases
LHouse exp:Misc purchases
SHouse exp:Misc purchases/M:SM
Esaladbowls   table mate
$-23.19
SHouse exp:Misc purchases/S:SM
Esaladbowls   table mate
$-11.42
^
D8/15/93
U-66.55
T-66.55
PHousehold exp-Misc purchases
LHouse exp:Misc purchases
SHouse exp:Misc purchases/M:SM
EPot   Burdines'
$-44.60
SHouse exp:Misc purchases/S:SM
EPot   Burdines'
$-21.95
^
D8/17/93
U-18.64
T-18.64
PHousehold exp-food & supplies
LHouse exp:Food & supplies
SHouse exp:Food & supplies/S:SM
$-6.15
SHouse exp:Food & supplies/M:SM
$-12.49
^
D8/17/93
U-60.00
T-60.00
PHousehold exp -Cleaning
LHouse exp:Cleaning
SHouse exp:Cleaning/M:SM
ECynthia
$-40.20
SHouse exp:Cleaning/S:SM
ECynthia
$-19.80
^
D8/19/93
U-39.32
T-39.32
PHousehold exp-food & supplies
LHouse exp:Food & supplies
SHouse exp:Food & supplies/S:SM
$-12.98
SHouse exp:Food & supplies/M:SM
$-26.34
^
D8/19/93
U-61.78
T-61.78
PHousehold exp-Misc purchases
LHouse exp:Misc purchases
SHouse exp:Misc purchases/M:SM
Epicture framing
$-41.40
SHouse exp:Misc purchases/S:SM
Epicture framing
$-20.38
^
D8/21/93
U-27.25
T-27.25
PHousehold exp-Misc purchases
LHouse exp:Misc purchases
SHouse exp:Misc purchases/M:SM
EMagazines
$-18.26
SHouse exp:Misc purchases/S:SM
EMagazines
$-8.99
^
D8/24/93
U-212.07
T-212.07
LDecorating hous
SDecorating hous/S:SM
EGage blinds
$-69.98
SDecorating hous/M:SM
EGage blinds
$-142.09
^
D8/30/93
U-60.00
T-60.00
PHousehold exp-Misc purchases
LHouse exp:Misc purchases
SHouse exp:Misc purchases/M:SM
EWEDU
$-40.21
SHouse exp:Misc purchases/S:SM
EWEDU
$-19.79
^
D8/30/93
U-60.00
T-60.00
LTravel:Long Island/M:SM
^
D8/31/93
U-60.00
T-60.00
PHousehold exp -Cleaning
LHouse exp:Cleaning
SHouse exp:Cleaning/M:SM
ECynthia
$-40.20
SHouse exp:Cleaning/S:SM
ECynthia
$-19.80
^
D9/ 1/93
U-26.44
T-26.44
PHousehold exp-food & supplies
LHouse exp:Food & supplies
SHouse exp:Food & supplies/S:SM
$-8.73
SHouse exp:Food & supplies/M:SM
$-17.71
^
D9/ 2/93
U-26.02
T-26.02
PHousehold exp-food & supplies
LHouse exp:Food & supplies
SHouse exp:Food & supplies/S:SM
$-8.59
SHouse exp:Food & supplies/M:SM
$-17.43
^
D9/ 8/93
U-34.17
T-34.17
PHousehold exp-food & supplies
LHouse exp:Food & supplies
SHouse exp:Food & supplies/S:SM
$-11.28
SHouse exp:Food & supplies/M:SM
$-22.89
^
D9/ 8/93
U-335.53
T-335.53
PDecorating house
LDecorating hous
SDecorating hous/S:SM
EPluming supplies
$-110.72
SDecorating hous/M:SM
EPluming supplies
$-224.81
^
D9/ 9/93
U-60.00
T-60.00
PHousehold exp -Cleaning
LHouse exp:Cleaning
SHouse exp:Cleaning/M:SM
ECynthia
$-40.20
SHouse exp:Cleaning/S:SM
ECynthia
$-19.80
^
D9/10/93
U-45.70
T-45.70
PHousehold exp-Misc purchases
LHouse exp:Misc purchases
SHouse exp:Misc purchases/M:SM
EWood mat
$-30.62
SHouse exp:Misc purchases/S:SM
EWood mat
$-15.08
^
D9/15/93
U-75.47
T-75.47
PHousehold exp-Misc purchases
LHouse exp:Misc purchases
SHouse exp:Misc purchases/M:SM
EChristmas figure
$-50.57
SHouse exp:Misc purchases/S:SM
EChristmas figure
$-24.90
^
D9/17/93
U-55.30
T-55.30
PHousehold exp-food & supplies
LHouse exp:Food & supplies
SHouse exp:Food & supplies/S:SM
$-18.25
SHouse exp:Food & supplies/M:SM
$-37.05
^
D9/17/93
U-52.90
T-52.90
PHousehold exp-Misc purchases
LHouse exp:Misc purchases
SHouse exp:Misc purchases/M:SM
EStep stool
$-35.45
SHouse exp:Misc purchases/S:SM
EStep stool
$-17.45
^
D9/25/93
U-18.61
T-18.61
PHousehold exp-Misc purchases
LHouse exp:Misc purchases
SHouse exp:Misc purchases/M:SM
EKitchen stuff
$-12.47
SHouse exp:Misc purchases/S:SM
EKitchen stuff
$-6.14
^
D9/27/93
U1,769.00
T1,769.00
L[RJ ESOT]
^
D9/27/93
U-83.20
T-83.20
PHousehold exp-food & supplies
LHouse exp:Food & supplies
SHouse exp:Food & supplies/S:SM
$-27.46
SHouse exp:Food & supplies/M:SM
$-55.74
^
D10/ 1/93
U-34.90
T-34.90
PHousehold exp-food & supplies
LHouse exp:Food & supplies
SHouse exp:Food & supplies/S:SM
$-11.52
SHouse exp:Food & supplies/M:SM
$-23.38
^
D10/ 5/93
U-19.15
T-19.15
PHousehold exp-food & supplies
LHouse exp:Food & supplies
SHouse exp:Food & supplies/S:SM
$-6.32
SHouse exp:Food & supplies/M:SM
$-12.83
^
D10/ 6/93
U-7.87
T-7.87
PHousehold exp-Misc purchases
LHouse exp:Misc purchases
SHouse exp:Misc purchases/M:SM
Epaint
$-5.27
SHouse exp:Misc purchases/S:SM
Epaint
$-2.60
^
D10/10/93
U-40.96
T-40.96
PHousehold exp-food & supplies
LHouse exp:Food & supplies
SHouse exp:Food & supplies/S:SM
$-13.52
SHouse exp:Food & supplies/M:SM
$-27.44
^
D10/11/93
U-48.60
T-48.60
PHousehold exp-Home maintainance
LHouse exp:Home repair/S:SM
^
D10/12/93
U-136.08
T-136.08
PHousehold exp-Home maintainance
LHouse exp:Home repair
SHouse exp:Home repair/S:SM
Eplumbing
$-44.90
SHouse exp:Home repair/M:SM
Eplumbing
$-91.18
^
D10/13/93
U-39.51
T-39.51
PHousehold exp-food & supplies
LHouse exp:Food & supplies
SHouse exp:Food & supplies/S:SM
$-13.04
SHouse exp:Food & supplies/M:SM
$-26.47
^
D10/16/93
U-61.96
T-61.96
PHousehold exp-food & supplies
LHouse exp:Food & supplies
SHouse exp:Food & supplies/S:SM
$-20.45
SHouse exp:Food & supplies/M:SM
$-41.51
^
D10/16/93
U-47.99
T-47.99
PHousehold exp-food & supplies
LHouse exp:Food & supplies
SHouse exp:Food & supplies/S:SM
Eliquer
$-15.84
SHouse exp:Food & supplies/M:SM
Eliquer
$-32.15
^
D10/16/93
U-14.10
T-14.10
PHousehold exp-Misc purchases
LHouse exp:Misc purchases
SHouse exp:Misc purchases/M:SM
Epaint
$-9.45
SHouse exp:Misc purchases/S:SM
Epaint
$-4.65
^
D10/16/93
U-20.56
T-20.56
PHousehold exp-Misc purchases
LHouse exp:Misc purchases
SHouse exp:Misc purchases/M:SM
Epaint
$-13.78
SHouse exp:Misc purchases/S:SM
Epaint
$-6.78
^
D10/20/93
U-700.00
T-700.00
PDecorating house
LDecorating hous
SDecorating hous/S:SM
EJohn wise
$-231.00
SDecorating hous/M:SM
EJohn wise
$-469.00
^
D10/23/93
U-60.00
T-60.00
PHousehold exp -Cleaning
LHouse exp:Cleaning
SHouse exp:Cleaning/M:SM
ECynthia
$-40.20
SHouse exp:Cleaning/S:SM
ECynthia
$-19.80
^
D10/23/93
U-190.64
T-190.64
PDecorating house
LDecorating hous
SDecorating hous/S:SM
Elamps  bathroom
$-62.91
SDecorating hous/M:SM
Elamps  bathroom
$-127.73
^
D10/23/93
U-12.68
T-12.68
PHousehold exp-Misc purchases
LHouse exp:Misc purchases
SHouse exp:Misc purchases/M:SM
Epaint
$-8.50
SHouse exp:Misc purchases/S:SM
Epaint
$-4.18
^
D10/23/93
U-239.62
T-239.62
PKitchen clock
LMagor purchase
SMagor purchase/S:SM
EKitchen clock
$-79.07
SMagor purchase/M:SM
EKitchen clock
$-160.55
^
D10/23/93
U-266.00
T-266.00
PNigth stand
LMagor purchase
SMagor purchase/S:SM
ENight stand  Gage room
$-87.78
SMagor purchase/M:SM
ENight stand  Gage room
$-178.22
^
D10/23/93
U-53.00
T-53.00
PGift/s:sm
LLiving exp:Gifts
SLiving exp:Gifts/S:SM
Exmas Ann/ Brand
$-26.50
SLiving exp:Gifts/M:SM
Exmas Ann/ Brand
$-26.50
^
D10/25/93
U-16.00
T-16.00
PHousehold exp-Misc purchases
LHouse exp:Misc purchases
SHouse exp:Misc purchases/M:SM
Ephone
$-10.72
SHouse exp:Misc purchases/S:SM
Ephone
$-5.28
^
D10/25/93
U-60.00
T-60.00
PHousehold exp-Misc purchases
LHouse exp:Misc purchases
SHouse exp:Misc purchases/M:SM
EInterplak tooth brush
$-40.21
SHouse exp:Misc purchases/S:SM
EInterplak tooth brush
$-19.79
^
D10/25/93
U-20.00
T-20.00
PHousehold exp-Misc purchases
LHouse exp:Misc purchases
SHouse exp:Misc purchases/M:SM
EInterplak tooth brush extr
$-6.59
SHouse exp:Misc purchases/S:SM
EInterplak tooth brush extr
$-13.41
^
D10/26/93
U-126.00
T-126.00
Pfan motor
LHouse exp:Home repair
SHouse exp:Home repair/S:SM
Efan moter
$-41.57
SHouse exp:Home repair/M:SM
Efan moter
$-84.43
^
D10/26/93
U-61.00
T-61.00
PHousehold exp-Misc purchases
LHouse exp:Misc purchases
SHouse exp:Misc purchases/M:SM
ECross Pest Control
$-40.88
SHouse exp:Misc purchases/S:SM
$-20.12
^
D10/26/93
U-7.73
T-7.73
PHousehold exp-Misc purchases
LHouse exp:Misc purchases
SHouse exp:Misc purchases/M:SM
Epaint
$-5.18
SHouse exp:Misc purchases/S:SM
Epaint
$-2.55
^
D10/26/93
U-76.06
T-76.06
PHousehold exp-food & supplies
LHouse exp:Food & supplies
SHouse exp:Food & supplies/S:SM
$-25.10
SHouse exp:Food & supplies/M:SM
$-50.96
^
D10/26/93
U-7.73
T-7.73
PHousehold exp-Misc purchases
LHouse exp:Misc purchases
SHouse exp:Misc purchases/M:SM
Epaint
$-5.18
SHouse exp:Misc purchases/S:SM
Epaint
$-2.55
^
D10/27/93
U-93.00
T-93.00
PFix fan  Shorty
LHouse exp:Home repair
SHouse exp:Home repair/S:SM
Efix fan   Shorty
$-30.69
SHouse exp:Home repair/M:SM
Efix fan   Shorty
$-62.31
^
D10/29/93
U-250.00
T-250.00
PDecorating house
LDecorating hous
SDecorating hous/S:SM
EJohn Wise
$-82.50
SDecorating hous/M:SM
EJohn Wise
$-167.50
^
D10/30/93
U-50.00
T-50.00
PHousehold exp-Misc purchases
LHouse exp:Misc purchases
SHouse exp:Misc purchases/M:SM
Ehedge trimmer
$-16.50
SHouse exp:Misc purchases/S:SM
Ehedge trimmer
$-33.50
^
D10/30/93
U-80.57
T-80.57
PHousehold exp-Misc purchases
LHouse exp:Misc purchases
SHouse exp:Misc purchases/M:SM
$-53.99
SHouse exp:Misc purchases/S:SM
$-26.58
^
D10/30/93
U-94.42
T-94.42
PDecorating house
LDecorating hous
SDecorating hous/S:SM
Emollding
$-31.15
SDecorating hous/M:SM
Emollding
$-63.27
^
D10/30/93
U-6.87
T-6.87
PHousehold exp-Misc purchases
LHouse exp:Misc purchases
SHouse exp:Misc purchases/M:SM
Epaint
$-2.26
SHouse exp:Misc purchases/S:SM
Epaint
$-4.61
^
D10/30/93
U-50.78
T-50.78
PDecorating house
LDecorating hous
SDecorating hous/S:SM
Emollding
$-16.75
SDecorating hous/M:SM
Emollding
$-34.03
^
D10/31/93
U-7.98
T-7.98
PHousehold exp-Misc purchases
LHouse exp:Misc purchases
SHouse exp:Misc purchases/M:SM
Epaint
$-2.63
SHouse exp:Misc purchases/S:SM
Epaint
$-5.35
^
D11/ 1/93
U-6.87
T-6.87
PHousehold exp-Misc purchases
LHouse exp:Misc purchases
SHouse exp:Misc purchases/M:SM
Epaint
$-4.60
SHouse exp:Misc purchases/S:SM
Epaint
$-2.27
^
D11/ 3/93
U-300.00
T-300.00
PDecorating house
LDecorating hous
SDecorating hous/S:SM
EJohn Wise
$-99.00
SDecorating hous/M:SM
EJohn Wise
$-201.00
^
D11/ 4/93
U-49.02
T-49.02
PHousehold exp-food & supplies
LHouse exp:Food & supplies
SHouse exp:Food & supplies/S:SM
$-16.18
SHouse exp:Food & supplies/M:SM
$-32.84
^
D11/ 4/93
U-50.75
T-50.75
PHousehold exp-food & supplies
LHouse exp:Food & supplies
SHouse exp:Food & supplies/S:SM
Eliquer
$-16.75
SHouse exp:Food & supplies/M:SM
Eliquer
$-34.00
^
D11/ 6/93
U-60.00
T-60.00
PHousehold exp -Cleaning
LHouse exp:Cleaning
SHouse exp:Cleaning/M:SM
ECynthia
$-40.20
SHouse exp:Cleaning/S:SM
ECynthia
$-19.80
^
D11/ 7/93
U-135.48
T-135.48
PHousehold exp-Misc purchases
LHouse exp:Misc purchases
SHouse exp:Misc purchases/M:SM
Esten mart
$-90.79
SHouse exp:Misc purchases/S:SM
Esten mart
$-44.69
^
D11/ 8/93
U-51.99
T-51.99
PHousehold exp-Misc purchases
LHouse exp:Misc purchases
SHouse exp:Misc purchases/M:SM
EStenmart
$-34.84
SHouse exp:Misc purchases/S:SM
EStenmart
$-17.15
^
D11/ 9/93
U-284.46
T-284.46
PDecorating house
LDecorating hous
SDecorating hous/S:SM
EJohn Wise
$-93.87
SDecorating hous/M:SM
EJohn Wise
$-190.59
^
D11/10/93
U-35.27
T-35.27
PHousehold exp-food & supplies
LHouse exp:Food & supplies
SHouse exp:Food & supplies/S:SM
$-11.64
SHouse exp:Food & supplies/M:SM
$-23.63
^
D11/10/93
U-49.05
T-49.05
PHousehold exp-Misc purchases
LHouse exp:Misc purchases
SHouse exp:Misc purchases/M:SM
Exmas candals
$-32.87
SHouse exp:Misc purchases/S:SM
Exmas candals
$-16.18
^
D11/11/93
U-11.64
T-11.64
PHousehold exp-Misc purchases
LHouse exp:Misc purchases
SHouse exp:Misc purchases/M:SM
ESten mart
$-7.80
SHouse exp:Misc purchases/S:SM
ESten mart
$-3.84
^
D11/11/93
U-174.19
T-174.19
PDecorating house
LDecorating hous
SDecorating hous/S:SM
EJohn wise supplies
$-57.48
SDecorating hous/M:SM
EJohn wise supplies
$-116.71
^
D11/12/93
U-27.96
T-27.96
PHousehold exp-Misc purchases
LHouse exp:Misc purchases
SHouse exp:Misc purchases/M:SM
Emirrow
$-18.74
SHouse exp:Misc purchases/S:SM
Emirrow
$-9.22
^
D11/16/93
U-31.92
T-31.92
PHousehold exp-Misc purchases
LHouse exp:Misc purchases
SHouse exp:Misc purchases/M:SM
ESten mart
$-21.39
SHouse exp:Misc purchases/S:SM
ESten mart
$-10.53
^
D11/19/93
U-129.61
T-129.61
PHousehold exp-food & supplies
LHouse exp:Food & supplies
SHouse exp:Food & supplies/S:SM
$-42.77
SHouse exp:Food & supplies/M:SM
$-86.84
^
D11/20/93
U-29.79
T-29.79
PHousehold exp-food & supplies
LHouse exp:Food & supplies
SHouse exp:Food & supplies/S:SM
$-9.83
SHouse exp:Food & supplies/M:SM
$-19.96
^
D11/20/93
U-60.00
T-60.00
PHousehold exp -Cleaning
LHouse exp:Cleaning
SHouse exp:Cleaning/M:SM
ECynthia
$-40.20
SHouse exp:Cleaning/S:SM
ECynthia
$-19.80
^
D11/22/93
U-13.72
T-13.72
PHousehold exp-food & supplies
LHouse exp:Food & supplies
SHouse exp:Food & supplies/S:SM
$-4.53
SHouse exp:Food & supplies/M:SM
$-9.19
^
D11/27/93
U-19.17
T-19.17
PHousehold exp-Misc purchases
LHouse exp:Misc purchases
SHouse exp:Misc purchases/M:SM
Ecandles
$-12.85
SHouse exp:Misc purchases/S:SM
Ecandles
$-6.32
^
D11/27/93
U-26.96
T-26.96
PHousehold exp-food & supplies
LHouse exp:Food & supplies
SHouse exp:Food & supplies/S:SM
$-8.90
SHouse exp:Food & supplies/M:SM
$-18.06
^
D11/28/93
U-26.86
T-26.86
PGift/s:sm
LLiving exp:Gifts
SLiving exp:Gifts/S:SM
ESusana
$-13.42
SLiving exp:Gifts/M:SM
ESusana
$-13.44
^
D11/30/93
U-46.30
T-46.30
PHousehold exp-food & supplies
LHouse exp:Food & supplies
SHouse exp:Food & supplies/S:SM
Evitmans
$-15.28
SHouse exp:Food & supplies/M:SM
Evitmans
$-31.02
^
D12/ 2/93
U-183.12
T-183.12
PHousehold exp-Home maintainance
LHouse exp:Home repair
SHouse exp:Home repair/S:SM
EAC repair
$-60.42
SHouse exp:Home repair/M:SM
EAC repair
$-122.70
^
D12/ 3/93
U-60.00
T-60.00
PHousehold exp -Cleaning
LHouse exp:Cleaning
SHouse exp:Cleaning/M:SM
ECynthia
$-40.20
SHouse exp:Cleaning/S:SM
ECynthia
$-19.80
^
D12/ 3/93
U-10.43
T-10.43
PHousehold exp-food & supplies
LHouse exp:Food & supplies
SHouse exp:Food & supplies/S:SM
$-3.44
SHouse exp:Food & supplies/M:SM
$-6.99
^
D12/ 7/93
U-8.15
T-8.15
PMatt birthday
LLiving exp:Gifts
SLiving exp:Gifts/S:SM
EMatt birthday
$-2.68
SLiving exp:Gifts/M:SM
EMatt birthday
$-5.47
^
D12/ 7/93
U-29.83
T-29.83
PSusana gift
LLiving exp:Gifts
SLiving exp:Gifts/S:SM
ESusana
$-14.91
SLiving exp:Gifts/M:SM
ESusana
$-14.92
^
D12/ 7/93
U-200.00
T-200.00
PDecorating house
LDecorating hous
SDecorating hous/S:SM
EJohn Wise
$-66.00
SDecorating hous/M:SM
EJohn Wise
$-134.00
^
D12/ 9/93
U-57.80
T-57.80
PJon  gift
LLiving exp:Gifts
SLiving exp:Gifts/S:SM
EJon
$-28.90
SLiving exp:Gifts/M:SM
EJon
$-28.90
^
D12/11/93
U-20.18
T-20.18
PMatt gift
LLiving exp:Gifts
SLiving exp:Gifts/S:SM
EMatt
$-10.08
SLiving exp:Gifts/M:SM
EMatt
$-10.10
^
D12/11/93
U-106.47
T-106.47
PBrand gift
LLiving exp:Gifts
SLiving exp:Gifts/S:SM
EBrand
$-53.23
SLiving exp:Gifts/M:SM
EBrand
$-53.24
^
D12/11/93
U-34.25
T-34.25
PBrand gift
LLiving exp:Gifts
SLiving exp:Gifts/S:SM
EBrand
$-17.12
SLiving exp:Gifts/M:SM
EBrand
$-17.13
^
D12/12/93
U3,196.80
T3,196.80
L[Stock option]
^
D12/12/93
U-143.99
T-143.99
PHousehold exp-Misc purchases
LHouse exp:Misc purchases
SHouse exp:Misc purchases/M:SM
ESten mart
$-96.49
SHouse exp:Misc purchases/S:SM
ESten mart
$-47.50
^
D12/12/93
U-50.00
T-50.00
PShula gift
LLiving exp:Gifts
SLiving exp:Gifts/S:SM
EShula
$-25.00
SLiving exp:Gifts/M:SM
EShula
$-25.00
^
D12/12/93
U-5.31
T-5.31
PSusana gift
LLiving exp:Gifts
SLiving exp:Gifts/S:SM
ESusana
$-2.65
SLiving exp:Gifts/M:SM
ESusana
$-2.66
^
D12/12/93
U-7.50
T-7.50
PHousehold exp-Misc purchases
LHouse exp:Misc purchases
SHouse exp:Misc purchases/M:SM
EChristmas cards
$-5.03
SHouse exp:Misc purchases/S:SM
EChristmas cards
$-2.47
^
D12/13/93
U-100.00
T-100.00
PRob gift
LLiving exp:Gifts
SLiving exp:Gifts/S:SM
ERob
$-50.00
SLiving exp:Gifts/M:SM
ERob
$-50.00
^
D12/13/93
U-61.56
T-61.56
PMichael gift
LLiving exp:Gifts
SLiving exp:Gifts/S:SM
EMichael
$-30.78
SLiving exp:Gifts/M:SM
EMichael
$-30.78
^
D12/14/93
U-117.19
T-117.19
PHousehold exp-food & supplies
LHouse exp:Food & supplies
SHouse exp:Food & supplies/S:SM
$-38.67
SHouse exp:Food & supplies/M:SM
$-78.52
^
D12/16/93
U-83.97
T-83.97
PCynthia gift
LLiving exp:Gifts
SLiving exp:Gifts/S:SM
ECynthia
$-41.98
SLiving exp:Gifts/M:SM
ECynthia
$-41.99
^
D12/18/93
U-60.00
T-60.00
PHousehold exp -Cleaning
LHouse exp:Cleaning
SHouse exp:Cleaning/M:SM
ECynthia
$-40.20
SHouse exp:Cleaning/S:SM
ECynthia
$-19.80
^
D12/18/93
U-51.43
T-51.43
PHousehold exp-food & supplies
LHouse exp:Food & supplies
SHouse exp:Food & supplies/S:SM
Eliquer
$-16.97
SHouse exp:Food & supplies/M:SM
Eliquer
$-34.46
^
D12/18/93
U-105.12
T-105.12
PHousehold exp-Misc purchases
LHouse exp:Misc purchases
SHouse exp:Misc purchases/M:SM
EChristmas decorations
$-70.44
SHouse exp:Misc purchases/S:SM
EChristmas decorations
$-34.68
^
D12/22/93
U-20.99
T-20.99
PHousehold exp-Misc purchases
LHouse exp:Misc purchases
SHouse exp:Misc purchases/M:SM
EChristmas
$-14.07
SHouse exp:Misc purchases/S:SM
EChristmas
$-6.92
^
D12/22/93
U-30.00
T-30.00
PPatsy & Grant gift
LLiving exp:Gifts
SLiving exp:Gifts/S:SM
EPatsy & Grant
$-15.00
SLiving exp:Gifts/M:SM
EPatsy & Grant
$-15.00
^
D12/22/93
U-30.00
T-30.00
PHousehold exp-Misc purchases
LHouse exp:Misc purchases
SHouse exp:Misc purchases/M:SM
EEntertainment book
$-20.10
SHouse exp:Misc purchases/S:SM
EEntertainment book
$-9.90
^
D12/23/93
U-20.31
T-20.31
PHousehold exp-food & supplies
LHouse exp:Food & supplies
SHouse exp:Food & supplies/S:SM
$-6.70
SHouse exp:Food & supplies/M:SM
$-13.61
^
D12/26/93
U-21.30
T-21.30
PHousehold exp-Misc purchases
LHouse exp:Misc purchases
SHouse exp:Misc purchases/M:SM
EChristmas napkins
$-14.27
SHouse exp:Misc purchases/S:SM
EChristmas napkins
$-7.03
^
D12/29/93
U-27.63
T-27.63
PHousehold exp-Misc purchases
LHouse exp:Misc purchases
SHouse exp:Misc purchases/M:SM
Etowels
$-18.51
SHouse exp:Misc purchases/S:SM
Etowels
$-9.12
^
D12/31/93
U-40.16
T-40.16
PHousehold exp-food & supplies
LHouse exp:Food & supplies
SHouse exp:Food & supplies/S:SM
$-13.25
SHouse exp:Food & supplies/M:SM
$-26.91
^
D1/ 6/94
U-95.00
T-95.00
PW.Williams
Mlawn-Xmas gift
LHouse exp:Lawn
SHouse exp:Lawn/M:MS
$-63.65
SHouse exp:Lawn/S:MS
$-31.35
^
D1/ 7/94
U-202.67
T-202.67
PUpstairs bath blinds
LDecorating hous
SDecorating hous/S:SM
EUpstairs bath blinds
$-67.55
SDecorating hous/M:SM
EUpstairs bath blinds
$-135.12
^
D1/14/94
U-42.40
T-42.40
PHousehold exp-Misc purchases
LHouse exp:Misc purchases
SHouse exp:Misc purchases/M:SM
ESilver salt & pepper
$-28.41
SHouse exp:Misc purchases/S:SM
ESilver salt & pepper
$-13.99
^
D1/15/94
U-60.00
T-60.00
PHousehold exp -Cleaning
LHouse exp:Cleaning
SHouse exp:Cleaning/M:SM
ECynthia
$-40.20
SHouse exp:Cleaning/S:SM
ECynthia
$-19.80
^
D1/15/94
U-30.53
T-30.53
PHousehold exp-Misc purchases
LHouse exp:Misc purchases
SHouse exp:Misc purchases/M:SM
EWalmart
$-20.46
SHouse exp:Misc purchases/S:SM
EWalmart
$-10.07
^
D1/19/94
U-20.03
T-20.03
PHousehold exp-food & supplies
LHouse exp:Food & supplies
SHouse exp:Food & supplies/S:SM
$-6.61
SHouse exp:Food & supplies/M:SM
$-13.42
^
D1/19/94
U-40.45
T-40.45
PHousehold exp-Misc purchases
LHouse exp:Misc purchases
SHouse exp:Misc purchases/M:SM
ESilver cloth
$-27.11
SHouse exp:Misc purchases/S:SM
ESilver cloth
$-13.34
^
D1/20/94
U500.00
T500.00
PBloomingdale Golfers Club
MRefund
LLeasure:Golf
ABloomingdale Golfers Club
A1802 Nature's Way Boulevard
AValrico,Fl 33594
A
A
SLeasure:Golf/S:SM
ESusie Golf
$250.00
SLeasure:Golf/M:SM
EMike Golf
$250.00
SCash
ERecieved from Ned
$0.00
^
D1/21/94
U-37.25
T-37.25
PHousehold exp-Misc purchases
LHouse exp:Misc purchases
SHouse exp:Misc purchases/M:SM
EMatris cover  -Gage room
$-24.96
SHouse exp:Misc purchases/S:SM
EMatris cover  -Gage room
$-12.29
^
D1/22/94
U-2,062.37
T-2,062.37
PDecorating house
LDecorating hous
SDecorating hous/S:SM
EAnnabell's 2 chairs ottoman
$-680.57
SDecorating hous/M:SM
Ebed -
$-1,381.80
^
D1/24/94
U-68.97
T-68.97
PHousehold exp-food & supplies
LHouse exp:Food & supplies
SHouse exp:Food & supplies/S:SM
EPace
$-22.76
SHouse exp:Food & supplies/M:SM
EPace
$-46.21
^
D1/24/94
U-31.95
T-31.95
PHousehold exp-Misc purchases
LHouse exp:Misc purchases
SHouse exp:Misc purchases/M:SM
EGrills Gage's room
$-21.41
SHouse exp:Misc purchases/S:SM
EGrills Gage's room
$-10.54
^
D1/25/94
U-142.40
T-142.40
PHousehold exp-Misc purchases
LHouse exp:Misc purchases
SHouse exp:Misc purchases/M:SM
ETV repair
$-95.42
SHouse exp:Misc purchases/S:SM
ETV repair
$-46.98
^
D1/25/94
U-50.00
T-50.00
PHousehold exp-Misc purchases
LHouse exp:Misc purchases
SHouse exp:Misc purchases/M:SM
ECoffee table -Family room
$-33.51
SHouse exp:Misc purchases/S:SM
ECoffee table -Family room
$-16.49
^
D1/25/94
U-29.78
T-29.78
PHousehold exp-Misc purchases
LHouse exp:Misc purchases
SHouse exp:Misc purchases/M:SM
Etowels
$-19.96
SHouse exp:Misc purchases/S:SM
Etowels
$-9.82
^
D1/27/94
U-20.13
T-20.13
PHousehold exp-Misc purchases
LHouse exp:Misc purchases
SHouse exp:Misc purchases/M:SM
EChair cushions
$-13.49
SHouse exp:Misc purchases/S:SM
EChair cushions
$-6.64
^
D1/29/94
U-60.00
T-60.00
PHousehold exp -Cleaning
LHouse exp:Cleaning
SHouse exp:Cleaning/M:SM
ECynthia
$-40.20
SHouse exp:Cleaning/S:SM
ECynthia
$-19.80
^
D1/31/94
U-399.38
T-399.38
PHousehold exp-Misc purchases
LHouse exp:Misc purchases
SHouse exp:Misc purchases/M:SM
EBreadmaker
$-267.62
SHouse exp:Misc purchases/S:SM
EBreadmaker
$-131.76
^
D2/ 1/94
U-29.51
T-29.51
PHousehold exp-food & supplies
LHouse exp:Food & supplies
SHouse exp:Food & supplies/S:SM
$-9.74
SHouse exp:Food & supplies/M:SM
$-19.77
^
D2/ 2/94
U-17.62
T-17.62
PHousehold exp-food & supplies
LHouse exp:Food & supplies
SHouse exp:Food & supplies/S:SM
$-5.81
SHouse exp:Food & supplies/M:SM
$-11.81
^
D2/ 5/94
U-40.00
T-40.00
PHousehold exp-Misc purchases
LHouse exp:Misc purchases
SHouse exp:Misc purchases/M:SM
EVCR repair
$-26.80
SHouse exp:Misc purchases/S:SM
EVCR repair
$-13.20
^
D2/11/94
U-75.71
T-75.71
PHousehold exp-food & supplies
LHouse exp:Food & supplies
SHouse exp:Food & supplies/S:SM
ESam's club
$-24.98
SHouse exp:Food & supplies/M:SM
ESam's club
$-50.73
^
D2/12/94
U-81.47
T-81.47
PHousehold exp-Misc purchases
LHouse exp:Misc purchases
SHouse exp:Misc purchases/M:SM
EScreen door
$-54.59
SHouse exp:Misc purchases/S:SM
EScreen door
$-26.88
^
D2/12/94
U-60.00
T-60.00
PHousehold exp -Cleaning
LHouse exp:Cleaning
SHouse exp:Cleaning/M:SM
ECynthia
$-40.20
SHouse exp:Cleaning/S:SM
ECynthia
$-19.80
^
D2/13/94
U-18.91
T-18.91
PHousehold exp-food & supplies
LHouse exp:Food & supplies
SHouse exp:Food & supplies/S:SM
$-6.24
SHouse exp:Food & supplies/M:SM
$-12.67
^
D2/16/94
U-500.00
T-500.00
L[Automobile Vo]
^
D2/17/94
U-26.07
T-26.07
PHousehold exp-Misc purchases
LHouse exp:Misc purchases
SHouse exp:Misc purchases/M:SM
EScreen door hardware
$-17.47
SHouse exp:Misc purchases/S:SM
EScreen door hardware
$-8.60
^
D2/17/94
U-53.61
T-53.61
PHousehold exp-Misc purchases
LHouse exp:Misc purchases
SHouse exp:Misc purchases/M:SM
EStemware holder
$-35.92
SHouse exp:Misc purchases/S:SM
EStemware holder
$-17.69
^
D2/18/94
U-21.18
T-21.18
PHousehold exp-food & supplies
LHouse exp:Food & supplies
SHouse exp:Food & supplies/S:SM
$-6.99
SHouse exp:Food & supplies/M:SM
$-14.19
^
D2/18/94
U-16.10
T-16.10
PHousehold exp-food & supplies
LHouse exp:Food & supplies
SHouse exp:Food & supplies/S:SM
$-5.31
SHouse exp:Food & supplies/M:SM
$-10.79
^
D2/18/94
U-150.00
T-150.00
PHousehold exp-Misc purchases
LHouse exp:Misc purchases
SHouse exp:Misc purchases/M:SM
Emount civil war shawl
$-100.52
SHouse exp:Misc purchases/S:SM
Emount civil war shawl
$-49.48
^
D2/23/94
U-81.10
T-81.10
PHousehold exp-food & supplies
LHouse exp:Food & supplies
SHouse exp:Food & supplies/S:SM
ESam's cub
$-26.76
SHouse exp:Food & supplies/M:SM
ESam's cub
$-54.34
^
D2/26/94
U-213.80
T-213.80
PHousehold exp-Misc purchases
LHouse exp:Misc purchases
SHouse exp:Misc purchases/M:SM
EMirrow ,cabnet
$-143.27
SHouse exp:Misc purchases/S:SM
EMirrow ,cabnet
$-70.53
^
D2/26/94
U-60.00
T-60.00
PHousehold exp -Cleaning
LHouse exp:Cleaning
SHouse exp:Cleaning/M:SM
ECynthia
$-40.20
SHouse exp:Cleaning/S:SM
ECynthia
$-19.80
^
D3/ 1/94
U-125.00
T-125.00
PDecorating house
LDecorating hous
SDecorating hous/S:SM
EMic repairs-Floyd Sneed
$-41.25
SDecorating hous/M:SM
EMic repairs-Floyd Sneed
$-83.75
^
D3/ 1/94
U-30.89
T-30.89
PHousehold exp-Misc purchases
LHouse exp:Misc purchases
SHouse exp:Misc purchases/M:SM
Eglass containers
$-20.70
SHouse exp:Misc purchases/S:SM
Eglass containers
$-10.19
^
D3/ 1/94
U-114.41
T-114.41
PDecorating house
LDecorating hous
SDecorating hous/S:SM
Epaint
$-37.75
SDecorating hous/M:SM
Epaint
$-76.66
^
D3/ 3/94
U-50.00
T-50.00
PHousehold exp-Misc purchases
LHouse exp:Misc purchases
SHouse exp:Misc purchases/M:SM
EPlant Musem membership
$-33.51
SHouse exp:Misc purchases/S:SM
EPlant Musem membership
$-16.49
^
D3/ 3/94
U-24.28
T-24.28
PHousehold exp-food & supplies
LHouse exp:Food & supplies
SHouse exp:Food & supplies/S:SM
$-8.01
SHouse exp:Food & supplies/M:SM
$-16.27
^
D3/ 5/94
U-14.93
T-14.93
PHousehold exp-food & supplies
LHouse exp:Food & supplies
SHouse exp:Food & supplies/S:SM
$-4.93
SHouse exp:Food & supplies/M:SM
$-10.00
^
D3/ 9/94
U-76.17
T-76.17
PHousehold exp-food & supplies
LHouse exp:Food & supplies
SHouse exp:Food & supplies/S:SM
$-25.14
SHouse exp:Food & supplies/M:SM
$-51.03
^
D3/ 9/94
U-28.38
T-28.38
PHousehold exp-food & supplies
LHouse exp:Food & supplies
SHouse exp:Food & supplies/S:SM
$-9.37
SHouse exp:Food & supplies/M:SM
$-19.01
^
D3/11/94
U-262.00
T-262.00
PAirline
Mtickets to Wilmington
LTravel:Wilmington/M:SM
^
D3/11/94
U-26.39
T-26.39
PHousehold exp-Misc purchases
LHouse exp:Misc purchases
SHouse exp:Misc purchases/M:SM
EShower curtain
$-17.68
SHouse exp:Misc purchases/S:SM
EShower curtain
$-8.71
^
D3/12/94
U-610.00
T-610.00
PDecorating house
LDecorating hous
SDecorating hous/S:SM
EReapholster couch chairs
$-201.30
SDecorating hous/M:SM
EReapholster couch chairs
$-408.70
^
D3/12/94
U-60.00
T-60.00
PMike
Mcash to Justin
LCash/M:SM
^
D3/12/94
U-60.00
T-60.00
PHousehold exp -Cleaning
LHouse exp:Cleaning
SHouse exp:Cleaning/M:SM
ECynthia
$-40.20
SHouse exp:Cleaning/S:SM
ECynthia
$-19.80
^
D3/14/94
U-10,000.00
T-10,000.00
M1994 contribution
L[Sep-Susie]
^
D3/14/94
U-15.49
T-15.49
PHousehold exp-food & supplies
LHouse exp:Food & supplies
SHouse exp:Food & supplies/S:SM
$-5.11
SHouse exp:Food & supplies/M:SM
$-10.38
^
D3/15/94
U-21.44
T-21.44
PHousehold exp-food & supplies
LHouse exp:Food & supplies
SHouse exp:Food & supplies/S:SM
$-7.08
SHouse exp:Food & supplies/M:SM
$-14.36
^
D3/15/94
U-36.53
T-36.53
PHousehold exp-food & supplies
LHouse exp:Food & supplies
SHouse exp:Food & supplies/S:SM
$-12.05
SHouse exp:Food & supplies/M:SM
$-24.48
^
D3/19/94
U-20.20
T-20.20
PHousehold exp-food & supplies
LHouse exp:Food & supplies
SHouse exp:Food & supplies/S:SM
$-6.67
SHouse exp:Food & supplies/M:SM
$-13.53
^
D3/26/94
U-60.00
T-60.00
PHousehold exp -Cleaning
LHouse exp:Cleaning
SHouse exp:Cleaning/M:SM
ECynthia
$-40.20
SHouse exp:Cleaning/S:SM
ECynthia
$-19.80
^
D4/ 1/94
U-255.00
T-255.00
LTravel:Wilmington
STravel:Wilmington/M:SM
EBig Five trip
$-255.00
^
D4/ 2/94
U-74.31
T-74.31
PHousehold exp-food & supplies
LHouse exp:Food & supplies
SHouse exp:Food & supplies/S:SM
$-24.52
SHouse exp:Food & supplies/M:SM
$-49.79
^
D4/ 2/94
U-60.00
T-60.00
PHousehold exp -Cleaning
LHouse exp:Cleaning
SHouse exp:Cleaning/M:SM
ECynthia
$-40.20
SHouse exp:Cleaning/S:SM
ECynthia
$-19.80
^
D4/ 4/94
U-56.00
T-56.00
PHousehold exp-Misc purchases
LHouse exp:Misc purchases
SHouse exp:Misc purchases/M:SM
EColorado cook book
$-37.53
SHouse exp:Misc purchases/S:SM
EColorado cook book
$-18.47
^
D4/ 6/94
U-108.80
T-108.80
PHousehold exp-Misc purchases
LHouse exp:Misc purchases
SHouse exp:Misc purchases/M:SM
ECarson Pluming
$-72.91
SHouse exp:Misc purchases/S:SM
ECarson Pluming
$-35.89
^
D4/10/94
U3.35
T3.35
L[Stock option]
^
D4/11/94
U-212.00
T-212.00
PHousehold exp-Misc purchases
LHouse exp:Misc purchases
SHouse exp:Misc purchases/M:SM
EWok & Salad bowl
$-142.06
SHouse exp:Misc purchases/S:SM
EWok & Salad bowl
$-69.94
^
D4/11/94
U-51.20
T-51.20
LLiving exp:Gifts
SLiving exp:Gifts/S:SM
ENancy , boat ornimate
$-25.60
SLiving exp:Gifts/M:SM
ENancy , boat ornimate
$-25.60
^
D4/14/94
U-2,202.00
T-2,202.00
M1993 contribution
L[Sep-Susie]
^
D4/20/94
U-129.23
T-129.23
PHousehold exp-Misc purchases
LHouse exp:Misc purchases
SHouse exp:Misc purchases/M:SM
ESam's
$-86.60
SHouse exp:Misc purchases/S:SM
ESam's
$-42.63
^
D4/21/94
U-60.00
T-60.00
PHousehold exp-Misc purchases
LHouse exp:Misc purchases
SHouse exp:Misc purchases/M:SM
EWUSF
$-40.21
SHouse exp:Misc purchases/S:SM
EWUSF
$-19.79
^
D4/22/94
U-12.76
T-12.76
PHousehold exp-Misc purchases
LHouse exp:Misc purchases
SHouse exp:Misc purchases/M:SM
EShampoo
$-8.55
SHouse exp:Misc purchases/S:SM
EShampoo
$-4.21
^
D4/23/94
U-93.00
T-93.00
PHousehold exp-Misc purchases
LHouse exp:Misc purchases
SHouse exp:Misc purchases/M:SM
EAAA
$-62.32
SHouse exp:Misc purchases/S:SM
EAAA
$-30.68
^
D4/23/94
U-60.00
T-60.00
PHousehold exp -Cleaning
LHouse exp:Cleaning
SHouse exp:Cleaning/M:SM
ECynthia
$-40.20
SHouse exp:Cleaning/S:SM
ECynthia
$-19.80
^
D4/26/94
U-33.57
T-33.57
PHousehold exp-food & supplies
LHouse exp:Food & supplies
SHouse exp:Food & supplies/S:SM
$-11.08
SHouse exp:Food & supplies/M:SM
$-22.49
^
D4/28/94
U-19.17
T-19.17
PHousehold exp-Misc purchases
LHouse exp:Misc purchases
SHouse exp:Misc purchases/M:SM
EShower curtain
$-12.85
SHouse exp:Misc purchases/S:SM
EShower curtain
$-6.32
^
D4/29/94
U-23.20
T-23.20
PHousehold exp-Misc purchases
LHouse exp:Misc purchases
SHouse exp:Misc purchases/M:SM
EMisc
$-15.55
SHouse exp:Misc purchases/S:SM
EMisc
$-7.65
^
D5/ 1/94
U-26.34
T-26.34
PHousehold exp-food & supplies
LHouse exp:Food & supplies
SHouse exp:Food & supplies/S:SM
$-8.69
SHouse exp:Food & supplies/M:SM
$-17.65
^
D5/ 1/94
U-199.15
T-199.15
PHousehold exp-Home maintainance
LHouse exp:Home repair
SHouse exp:Home repair/S:SM
EAC repair
$-65.71
SHouse exp:Home repair/M:SM
EAC repair
$-133.44
^
D5/ 3/94
U-46.30
T-46.30
PHousehold exp-food & supplies
LHouse exp:Food & supplies
SHouse exp:Food & supplies/S:SM
EVitamins
$-15.28
SHouse exp:Food & supplies/M:SM
EVitamins
$-31.02
^
D5/ 5/94
U-16.35
T-16.35
PHousehold exp-food & supplies
LHouse exp:Food & supplies
SHouse exp:Food & supplies/S:SM
$-5.40
SHouse exp:Food & supplies/M:SM
$-10.95
^
D5/ 7/94
U-22.33
T-22.33
PHousehold exp-food & supplies
LHouse exp:Food & supplies
SHouse exp:Food & supplies/S:SM
$-7.37
SHouse exp:Food & supplies/M:SM
$-14.96
^
D5/ 8/94
U-15.98
T-15.98
LLiving exp:Gifts
SLiving exp:Gifts
EMother's day
$-15.98
^
D5/14/94
U-50.00
T-50.00
Mfood
LTravel:Wilmington/M:SM
^
D5/17/94
U-54.82
T-54.82
PHousehold exp-food & supplies
LHouse exp:Food & supplies
SHouse exp:Food & supplies/S:SM
$-18.09
SHouse exp:Food & supplies/M:SM
$-36.73
^
D5/17/94
U-60.00
T-60.00
PHousehold exp -Cleaning
LHouse exp:Cleaning
SHouse exp:Cleaning/M:SM
ECynthia
$-40.20
SHouse exp:Cleaning/S:SM
ECynthia
$-19.80
^
D5/18/94
U-30.43
T-30.43
PHousehold exp-food & supplies
LHouse exp:Food & supplies
SHouse exp:Food & supplies/S:SM
$-10.04
SHouse exp:Food & supplies/M:SM
$-20.39
^
D5/19/94
U-61.00
T-61.00
PHousehold exp-Misc purchases
LHouse exp:Misc purchases
SHouse exp:Misc purchases/M:SM
ECross Pest Control
$-40.88
SHouse exp:Misc purchases/S:SM
ECross Pest Control
$-20.12
^
D5/21/94
U-35.58
T-35.58
PHousehold exp-Misc purchases
LHouse exp:Misc purchases
SHouse exp:Misc purchases/M:SM
EGardining paraphenalia
$-23.84
SHouse exp:Misc purchases/S:SM
EGardining paraphenalia
$-11.74
^
D5/21/94
U-60.00
T-60.00
PHousehold exp -Cleaning
LHouse exp:Cleaning
SHouse exp:Cleaning/M:SM
ECynthia
$-40.20
SHouse exp:Cleaning/S:SM
ECynthia
$-19.80
^
D5/22/94
U-17.03
T-17.03
PHousehold exp-Misc purchases
LHouse exp:Misc purchases
SHouse exp:Misc purchases/M:SM
EPot ,vase-Potery Barn
$-11.41
SHouse exp:Misc purchases/S:SM
EPot ,vase-Potery Barn
$-5.62
^
D5/22/94
U-137.39
T-137.39
LLiving exp:Gifts
SLiving exp:Gifts/M:SM
ESmoker , Alan & Missy
$-68.69
SLiving exp:Gifts/S:SM
ESmoker , Alan & Missy
$-68.70
^
D5/22/94
U-25.65
T-25.65
PHousehold exp-food & supplies
LHouse exp:Food & supplies
SHouse exp:Food & supplies/S:SM
$-8.46
SHouse exp:Food & supplies/M:SM
$-17.19
^
D5/23/94
U-100.58
T-100.58
PHousehold exp-Misc purchases
LHouse exp:Misc purchases
SHouse exp:Misc purchases/M:SM
ESam's club
$-67.40
SHouse exp:Misc purchases/S:SM
ESam's club
$-33.18
^
D5/23/94
U-30.53
T-30.53
PHousehold exp-food & supplies
LHouse exp:Food & supplies
SHouse exp:Food & supplies/S:SM
$-10.07
SHouse exp:Food & supplies/M:SM
$-20.46
^
D5/24/94
U-5.00
T-5.00
PHousehold exp-Misc purchases
LHouse exp:Misc purchases
SHouse exp:Misc purchases/M:SM
Epotting soil
$-3.35
SHouse exp:Misc purchases/S:SM
Epotting soil
$-1.65
^
D5/25/94
U-43.80
T-43.80
PHousehold exp-Misc purchases
LHouse exp:Misc purchases
SHouse exp:Misc purchases/M:SM
EPots , Waccaman
$-29.35
SHouse exp:Misc purchases/S:SM
EPots , Waccaman
$-14.45
^
D5/25/94
U-43.36
T-43.36
PHousehold exp-Misc purchases
LHouse exp:Misc purchases
SHouse exp:Misc purchases/M:SM
EPots , Waccannan
$-29.06
SHouse exp:Misc purchases/S:SM
EPots , Waccannan
$-14.30
^
D5/25/94
U-288.10
T-288.10
PHousehold exp -Home repair
LHouse exp:Home repair
SHouse exp:Home repair/S:SM
EAC repair
$-95.07
SHouse exp:Home repair/M:SM
EAC repair
$-193.03
^
D5/28/94
U-18.18
T-18.18
PHousehold exp-food & supplies
LHouse exp:Food & supplies
SHouse exp:Food & supplies/S:SM
$-6.00
SHouse exp:Food & supplies/M:SM
$-12.18
^
D5/29/94
U-42.27
T-42.27
PHousehold exp-food & supplies
LHouse exp:Food & supplies
SHouse exp:Food & supplies/S:SM
$-13.95
SHouse exp:Food & supplies/M:SM
$-28.32
^
D6/ 4/94
U-60.00
T-60.00
PHousehold exp -Cleaning
LHouse exp:Cleaning
SHouse exp:Cleaning/M:SM
ECynthia
$-40.20
SHouse exp:Cleaning/S:SM
ECynthia
$-19.80
^
D6/ 7/94
U-26.65
T-26.65
PHousehold exp-food & supplies
LHouse exp:Food & supplies
SHouse exp:Food & supplies/S:SM
$-8.79
SHouse exp:Food & supplies/M:SM
$-17.86
^
D6/ 8/94
U-41.40
T-41.40
PHousehold exp-food & supplies
LHouse exp:Food & supplies
SHouse exp:Food & supplies/S:SM
$-13.66
SHouse exp:Food & supplies/M:SM
$-27.74
^
D6/ 8/94
U-65.00
T-65.00
PHousehold exp-Misc purchases
LHouse exp:Misc purchases
SHouse exp:Misc purchases/M:SM
EPiano tuning
$-43.54
SHouse exp:Misc purchases/S:SM
EPiano tuning
$-21.46
^
D6/11/94
U-21.09
T-21.09
PHousehold exp-food & supplies
LHouse exp:Food & supplies
SHouse exp:Food & supplies/S:SM
$-6.96
SHouse exp:Food & supplies/M:SM
$-14.13
^
D6/11/94
U-19.53
T-19.53
PHousehold exp-food & supplies
LHouse exp:Food & supplies
SHouse exp:Food & supplies/S:SM
$-6.44
SHouse exp:Food & supplies/M:SM
$-13.09
^
D6/11/94
U-47.34
T-47.34
PHousehold exp-food & supplies
LHouse exp:Food & supplies
SHouse exp:Food & supplies/S:SM
$-15.62
SHouse exp:Food & supplies/M:SM
$-31.72
^
D6/12/94
U-60.00
T-60.00
PHousehold exp-Misc purchases
LHouse exp:Misc purchases
SHouse exp:Misc purchases/M:SM
EWEDU membership
$-40.21
SHouse exp:Misc purchases/S:SM
EWEDU membership
$-19.79
^
D6/12/94
U-35.00
T-35.00
PHousehold exp-Misc purchases
LHouse exp:Misc purchases
SHouse exp:Misc purchases/M:SM
ESam's Club membership
$-23.45
SHouse exp:Misc purchases/S:SM
ESam's Club membership
$-11.55
^
D6/12/94
U-23.37
T-23.37
PHousehold exp-food & supplies
LHouse exp:Food & supplies
SHouse exp:Food & supplies/S:SM
$-7.71
SHouse exp:Food & supplies/M:SM
$-15.66
^
D6/12/94
U-35.36
T-35.36
PHousehold exp-Misc purchases
LHouse exp:Misc purchases
SHouse exp:Misc purchases/M:SM
EGarden supplies
$-23.69
SHouse exp:Misc purchases/S:SM
EGarden supplies
$-11.67
^
D6/12/94
U-21.28
T-21.28
PHousehold exp-Misc purchases
LHouse exp:Misc purchases
SHouse exp:Misc purchases/M:SM
EPlants
$-14.26
SHouse exp:Misc purchases/S:SM
EPlants
$-7.02
^
D6/12/94
U-38.95
T-38.95
PHousehold exp-food & supplies
LHouse exp:Food & supplies
SHouse exp:Food & supplies/S:SM
$-12.85
SHouse exp:Food & supplies/M:SM
$-26.10
^
D6/12/94
U-25.56
T-25.56
PHousehold exp-Misc purchases
LHouse exp:Misc purchases
SHouse exp:Misc purchases/M:SM
ECooking thermometer
$-17.13
SHouse exp:Misc purchases/S:SM
ECooking thermometer
$-8.43
^
D6/18/94
U-60.00
T-60.00
PHousehold exp -Cleaning
LHouse exp:Cleaning
SHouse exp:Cleaning/M:SM
ECynthia
$-40.20
SHouse exp:Cleaning/S:SM
ECynthia
$-19.80
^
D6/20/94
U10.00
T10.00
PPioneer ll
L[IRA - Susie]
^
D6/22/94
U-100.42
T-100.42
PHousehold exp-food & supplies
LHouse exp:Food & supplies
SHouse exp:Food & supplies/S:SM
$-33.14
SHouse exp:Food & supplies/M:SM
$-67.28
^
D6/26/94
U-52.34
T-52.34
PHousehold exp-food & supplies
LHouse exp:Food & supplies
SHouse exp:Food & supplies/S:SM
$-17.27
SHouse exp:Food & supplies/M:SM
$-35.07
^
D6/29/94
U-9.14
T-9.14
PHousehold exp-Misc purchases
LHouse exp:Misc purchases
SHouse exp:Misc purchases/M:SM
EAC filters
$-6.12
SHouse exp:Misc purchases/S:SM
EAC filters
$-3.02
^
D7/ 9/94
U-60.00
T-60.00
PHousehold exp -Cleaning
LHouse exp:Cleaning
SHouse exp:Cleaning/M:SM
ECynthia
$-40.20
SHouse exp:Cleaning/S:SM
ECynthia
$-19.80
^
D7/14/94
U-4.16
T-4.16
PCoram Healthcare
MCash in lieu
L[IRA, Mike Cole]
^
D7/23/94
U-60.00
T-60.00
PHousehold exp -Cleaning
LHouse exp:Cleaning
SHouse exp:Cleaning/M:SM
ECynthia
$-40.20
SHouse exp:Cleaning/S:SM
ECynthia
$-19.80
^
D7/26/94
U-51.52
T-51.52
PHousehold exp-food & supplies
LHouse exp:Food & supplies
SHouse exp:Food & supplies/S:SM
$-17.00
SHouse exp:Food & supplies/M:SM
$-34.52
^
D7/29/94
U-39.45
T-39.45
PHousehold exp-food & supplies
LHouse exp:Food & supplies
SHouse exp:Food & supplies/S:SM
$-13.02
SHouse exp:Food & supplies/M:SM
$-26.43
^
D8/ 2/94
U-128.45
T-128.45
MMarty's wedding
LLiving exp:Gifts
SLiving exp:Gifts/S:SM
EMarty's wedding gift
$-42.81
SLiving exp:Gifts/M:SM
EMarty's wedding gift
$-85.64
^
D8/ 6/94
U-60.00
T-60.00
PHousehold exp -Cleaning
LHouse exp:Cleaning
SHouse exp:Cleaning/M:SM
ECynthia
$-40.20
SHouse exp:Cleaning/S:SM
ECynthia
$-19.80
^
D8/12/94
U-86.85
T-86.85
PHousehold exp-food & supplies
LHouse exp:Food & supplies
SHouse exp:Food & supplies/S:SM
$-28.66
SHouse exp:Food & supplies/M:SM
$-58.19
^
D8/15/94
U-20.64
T-20.64
PHousehold exp-food & supplies
LHouse exp:Food & supplies
SHouse exp:Food & supplies/S:SM
$-6.81
SHouse exp:Food & supplies/M:SM
$-13.83
^
D8/20/94
U-17.47
T-17.47
PHousehold exp-food & supplies
LHouse exp:Food & supplies
SHouse exp:Food & supplies/S:SM
$-5.77
SHouse exp:Food & supplies/M:SM
$-11.70
^
D8/20/94
U-60.00
T-60.00
PHousehold exp -Cleaning
LHouse exp:Cleaning
SHouse exp:Cleaning/M:SM
ECynthia
$-40.20
SHouse exp:Cleaning/S:SM
ECynthia
$-19.80
^
D8/21/94
U-14.87
T-14.87
MTowels
LMagor purchase/M:SM
^
D8/25/94
U-29.00
T-29.00
Mstamps
LBusiness expen:Misc/M
^
D8/30/94
U-25.23
T-25.23
PHousehold exp-food & supplies
LHouse exp:Food & supplies
SHouse exp:Food & supplies/S:SM
$-8.33
SHouse exp:Food & supplies/M:SM
$-16.90
^
D8/31/94
U-42.56
T-42.56
PHousehold exp-Misc purchases
LHouse exp:Misc purchases
SHouse exp:Misc purchases/M:SM
EIron
$-28.52
SHouse exp:Misc purchases/S:SM
EIron
$-14.04
^
D8/31/94
U-20.24
T-20.24
LLiving exp:Gifts
SLiving exp:Gifts/S:SM
ESusie & ED , weekend
$-10.11
SLiving exp:Gifts/M:SM
ESusie & ED , weekend
$-10.13
^
D9/ 3/94
U-60.00
T-60.00
PHousehold exp -Cleaning
LHouse exp:Cleaning
SHouse exp:Cleaning/M:SM
ECynthia
$-30.00
SHouse exp:Cleaning/S:SM
ECynthia
$-30.00
^
D9/ 6/94
U-58.00
T-58.00
PFSH (GYN)
LLiving exp:Ins:Health
SLiving exp:Ins:Health/M:SM
Elab work
$-29.00
SLiving exp:Ins:Health/S:SM
Elab work
$-29.00
^
D9/11/94
U-46.39
T-46.39
PHousehold exp-food & supplies
LHouse exp:Food & supplies
SHouse exp:Food & supplies/S:SM
$-23.19
SHouse exp:Food & supplies/M:SM
$-23.20
^
D9/14/94
U-17.53
T-17.53
PHousehold exp-food & supplies
LHouse exp:Food & supplies
SHouse exp:Food & supplies/S:SM
$-8.76
SHouse exp:Food & supplies/M:SM
$-8.77
^
D9/16/94
U-241.50
T-241.50
PIVF
LLiving exp:Ins:Health
SLiving exp:Ins:Health/M:SM
ELupron
$-120.75
SLiving exp:Ins:Health/S:SM
ELupron
$-120.75
^
D9/17/94
U-60.00
T-60.00
PHousehold exp -Cleaning
LHouse exp:Cleaning
SHouse exp:Cleaning/M:SM
ECynthia
$-30.00
SHouse exp:Cleaning/S:SM
ECynthia
$-30.00
^
D9/20/94
U-50.96
T-50.96
Pcar rental
MFT Lauderdale
LChild expen:Hyde/M:SM
^
D9/20/94
U-772.00
T-772.00
LMagor purchase
SMagor purchase/M:SM
EBedroom dresser
$-386.00
SMagor purchase/S:SM
EBedroom dresser
$-386.00
^
D9/23/94
U-43.53
T-43.53
LHouse exp:Home repair
SHouse exp:Home repair/M:SM
EFloyd
$-21.76
SHouse exp:Home repair/S:SM
EFloyd
$-21.77
^
D9/26/94
U-71.27
T-71.27
PHousehold exp-food & supplies
LHouse exp:Food & supplies
SHouse exp:Food & supplies/S:SM
$-35.63
SHouse exp:Food & supplies/M:SM
$-35.64
^
D9/27/94
U-7.31
T-7.31
PHousehold exp-food & supplies
LHouse exp:Food & supplies
SHouse exp:Food & supplies/S:SM
$-3.65
SHouse exp:Food & supplies/M:SM
$-3.66
^
D9/30/94
U-28.46
T-28.46
PHousehold exp-food & supplies
LHouse exp:Food & supplies
SHouse exp:Food & supplies/S:SM
$-14.23
SHouse exp:Food & supplies/M:SM
$-14.23
^
D10/ 3/94
U-60.00
T-60.00
PHousehold exp -Cleaning
LHouse exp:Cleaning
SHouse exp:Cleaning/M:SM
ECynthia
$-30.00
SHouse exp:Cleaning/S:SM
ECynthia
$-30.00
^
D10/ 5/94
U-770.20
T-770.20
PIVF
LLiving exp:Ins:Health
SLiving exp:Ins:Health/M:SM
ELupron
$-385.10
SLiving exp:Ins:Health/S:SM
ELupron
$-385.10
^
D10/ 6/94
U-26.72
T-26.72
PHousehold exp-food & supplies
LHouse exp:Food & supplies
SHouse exp:Food & supplies/S:SM
$-13.36
SHouse exp:Food & supplies/M:SM
$-13.36
^
D10/ 7/94
U-18.61
T-18.61
PHousehold exp-food & supplies
LHouse exp:Food & supplies
SHouse exp:Food & supplies/S:SM
$-9.30
SHouse exp:Food & supplies/M:SM
$-9.31
^
D10/13/94
U-23.45
T-23.45
PIVF
LLiving exp:Ins:Health
SLiving exp:Ins:Health/M:SM
ERx
$-11.73
SLiving exp:Ins:Health/S:SM
ERx
$-11.72
^
D10/14/94
U0.00
T0.00
^
D10/14/94
U-53.00
T-53.00
LHouse exp:Misc purchases
SHouse exp:Misc purchases/M:SM
ELobster boat drawing
$-26.50
SHouse exp:Misc purchases/S:SM
ELobster boat drawing
$-26.50
^
D10/15/94
U-60.00
T-60.00
PHousehold exp -Cleaning
LHouse exp:Cleaning
SHouse exp:Cleaning/M:SM
ECynthia
$-30.00
SHouse exp:Cleaning/S:SM
ECynthia
$-30.00
^
D10/18/94
U-41.26
T-41.26
PHousehold exp -Misd purchases
LHouse exp:Misc purchases
SHouse exp:Misc purchases/M:SM
EKitchen stuff
$-20.63
SHouse exp:Misc purchases/S:SM
EKitchen stuff
$-20.63
^
D10/19/94
U-14.40
T-14.40
LHouse exp:Misc purchases
SHouse exp:Misc purchases/M:SM
ESeeds
$-7.20
SHouse exp:Misc purchases/S:SM
ESeeds
$-7.20
^
D10/19/94
U-27.60
T-27.60
PHousehold exp-food & supplies
LHouse exp:Food & supplies
SHouse exp:Food & supplies/S:SM
$-13.80
SHouse exp:Food & supplies/M:SM
$-13.80
^
D10/26/94
U-185.65
T-185.65
PHousehold exp-food & supplies
LHouse exp:Food & supplies
SHouse exp:Food & supplies/S:SM
$-92.80
SHouse exp:Food & supplies/M:SM
$-92.85
^
D10/29/94
U-60.00
T-60.00
PHousehold exp -Cleaning
LHouse exp:Cleaning
SHouse exp:Cleaning/M:SM
ECynthia
$-30.00
SHouse exp:Cleaning/S:SM
ECynthia
$-30.00
^
D10/30/94
U35,705.19
T35,705.19
PZero ajustment
^
D10/30/94
U-16.42
T-16.42
PHousehold exp-food & supplies
LHouse exp:Food & supplies
SHouse exp:Food & supplies/S:SM
$-8.21
SHouse exp:Food & supplies/M:SM
$-8.21
^
D10/30/94
U-11.45
T-11.45
PHousehold exp-Misc purchases
LHouse exp:Misc purchases
SHouse exp:Misc purchases/M:SM
EGardening
$-5.72
SHouse exp:Misc purchases/S:SM
EGardening
$-5.73
^
D11/ 4/94
U-16.89
T-16.89
PIVF
LLiving exp:Ins:Health
SLiving exp:Ins:Health/M:SM
ERx
$-8.45
SLiving exp:Ins:Health/S:SM
ERx
$-8.44
^
D11/ 6/94
U-59.49
T-59.49
PHousehold exp-food & supplies
LHouse exp:Food & supplies
SHouse exp:Food & supplies/S:SM
$-29.74
SHouse exp:Food & supplies/M:SM
$-29.75
^
D11/ 9/94
U-38.96
T-38.96
PHousehold exp-food & supplies
LHouse exp:Food & supplies
SHouse exp:Food & supplies/S:SM
$-19.48
SHouse exp:Food & supplies/M:SM
$-19.48
^
D11/10/94
U-14.05
T-14.05
PIVF
LLiving exp:Ins:Health
SLiving exp:Ins:Health/M:SM
ERx
$-7.03
SLiving exp:Ins:Health/S:SM
ERx
$-7.02
^
D11/11/94
U-31.91
T-31.91
PHousehold exp-food & supplies
LHouse exp:Food & supplies
SHouse exp:Food & supplies/S:SM
$-15.95
SHouse exp:Food & supplies/M:SM
$-15.96
^
D11/11/94
U-13.72
T-13.72
PHousehold exp-Home maintainance
LHouse exp:Home repair
SHouse exp:Home repair/S:SM
$-6.86
SHouse exp:Home repair/M:SM
$-6.86
^
D11/12/94
U-60.00
T-60.00
PHousehold exp -Cleaning
LHouse exp:Cleaning
SHouse exp:Cleaning/M:SM
ECynthia
$-30.00
SHouse exp:Cleaning/S:SM
ECynthia
$-30.00
^
D11/18/94
U-14.05
T-14.05
PIVF
LLiving exp:Ins:Health
SLiving exp:Ins:Health/M:SM
ERx
$-7.03
SLiving exp:Ins:Health/S:SM
ERx
$-7.02
^
D11/19/94
U-41.83
T-41.83
PHousehold exp-food & supplies
LHouse exp:Food & supplies
SHouse exp:Food & supplies/S:SM
$-20.91
SHouse exp:Food & supplies/M:SM
$-20.92
^
D11/20/94
U-265.00
T-265.00
PHousehold exp-Misc purchases
Mchest,Family room
LHouse exp:Misc purchases
SHouse exp:Misc purchases/M:SM
$-132.50
SHouse exp:Misc purchases/S:SM
$-132.50
^
D11/21/94
U-31.56
T-31.56
PHousehold exp-food & supplies
LHouse exp:Food & supplies
SHouse exp:Food & supplies/S:SM
$-15.78
SHouse exp:Food & supplies/M:SM
$-15.78
^
D11/26/94
U-60.00
T-60.00
PHousehold exp -Cleaning
LHouse exp:Cleaning
SHouse exp:Cleaning/M:SM
ECynthia
$-30.00
SHouse exp:Cleaning/S:SM
ECynthia
$-30.00
^
D12/ 2/94
U-27.08
T-27.08
PHousehold exp-Misc purchases
Mwraooubg paper
LHouse exp:Misc purchases
SHouse exp:Misc purchases/M:SM
$-13.53
SHouse exp:Misc purchases/S:SM
$-13.55
^
D12/ 2/94
U-38.81
T-38.81
PHousehold exp-food & supplies
MSam's
LHouse exp:Food & supplies
SHouse exp:Food & supplies/S:SM
$-19.40
SHouse exp:Food & supplies/M:SM
$-19.41
^
D12/ 2/94
U-14.21
T-14.21
PHousehold exp-Misc purchases
LHouse exp:Misc purchases
SHouse exp:Misc purchases/M:SM
EChristmas lights
$-7.10
SHouse exp:Misc purchases/S:SM
EChristmas lights
$-7.11
^
D12/ 4/94
U-104.37
T-104.37
PHousehold exp-Misc purchases
MLinen runner
LHouse exp:Misc purchases
SHouse exp:Misc purchases/M:SM
$-52.14
SHouse exp:Misc purchases/S:SM
$-52.23
^
D12/ 5/94
U-3,000.00
T-3,000.00
M1994 contribution
L[Sep-Susie]
^
D12/ 7/94
U-83.00
T-83.00
PIVF
LLiving exp:Ins:Health
SLiving exp:Ins:Health/M:SM
EBernhisil
$-41.53
SLiving exp:Ins:Health/S:SM
EBernhisil
$-41.47
^
D12/10/94
U-26.10
T-26.10
PHousehold exp-Misc purchases
Mgarland
LHouse exp:Misc purchases
SHouse exp:Misc purchases/M:SM
$-13.04
SHouse exp:Misc purchases/S:SM
$-13.06
^
D12/10/94
U-60.00
T-60.00
PHousehold exp -Cleaning
LHouse exp:Cleaning
SHouse exp:Cleaning/M:SM
ECynthia
$-30.00
SHouse exp:Cleaning/S:SM
ECynthia
$-30.00
^
D12/10/94
U-28.89
T-28.89
PChristmas gift
LHouse exp:Gifts
SHouse exp:Gifts/S:SM
ELynn's Basket
$-14.44
SHouse exp:Gifts/M:SM
ELynn's Basket
$-14.45
^
D12/10/94
U-55.92
T-55.92
PChristmas gift
LHouse exp:Gifts
SHouse exp:Gifts/S:SM
ESeller's bookend
$-27.96
SHouse exp:Gifts/M:SM
ESeller's bookend
$-27.96
^
D12/12/94
U-41.84
T-41.84
PChristmas gift
LHouse exp:Gifts
SHouse exp:Gifts/S:SM
EBrand's gift
$-20.92
SHouse exp:Gifts/M:SM
EBrand's gift
$-20.92
^
D12/12/94
U-138.00
T-138.00
PChristmas gift
LHouse exp:Gifts
SHouse exp:Gifts/S:SM
ENancey's
$-69.00
SHouse exp:Gifts/M:SM
ENancey's
$-69.00
^
D12/12/94
U-108.00
T-108.00
PChristmas gift
LHouse exp:Gifts
SHouse exp:Gifts/S:SM
EAnn's
$-54.00
SHouse exp:Gifts/M:SM
EAnn's
$-54.00
^
D12/12/94
U-15.72
T-15.72
PHousehold exp-food & supplies
LHouse exp:Food & supplies
SHouse exp:Food & supplies/S:SM
$-7.86
SHouse exp:Food & supplies/M:SM
$-7.86
^
D12/14/94
U-78.95
T-78.95
PChristmas gift
LHouse exp:Gifts
SHouse exp:Gifts/S:SM
EJon's
$-39.48
SHouse exp:Gifts/M:SM
EJon's
$-39.47
^
D12/16/94
U-105.90
T-105.90
PHousehold exp-food & supplies
LHouse exp:Food & supplies
SHouse exp:Food & supplies/S:SM
$-52.94
SHouse exp:Food & supplies/M:SM
$-52.96
^
D12/16/94
U-65.98
T-65.98
PChristmas gift
LHouse exp:Gifts
SHouse exp:Gifts/S:SM
EMatt & Susana
$-32.99
SHouse exp:Gifts/M:SM
EMatt & Susana
$-32.99
^
D12/16/94
U-120.60
T-120.60
PHousehold exp-food & supplies
LHouse exp:Food & supplies
SHouse exp:Food & supplies/S:SM
$-60.29
SHouse exp:Food & supplies/M:SM
$-60.31
^
D12/17/94
U-100.00
T-100.00
PChristmas gift
LHouse exp:Gifts
SHouse exp:Gifts/S:SM
ERob's
$-50.00
SHouse exp:Gifts/M:SM
ERob's
$-50.00
^
D12/19/94
U-66.70
T-66.70
PChristmas gift
LHouse exp:Gifts
SHouse exp:Gifts/S:SM
EMicheakl's
$-33.35
SHouse exp:Gifts/M:SM
EMicheakl's
$-33.35
^
D12/19/94
U-47.61
T-47.61
PHousehold exp-food & supplies
LHouse exp:Food & supplies
SHouse exp:Food & supplies/S:SM
$-23.80
SHouse exp:Food & supplies/M:SM
$-23.81
^
D12/19/94
U-27.51
T-27.51
PHousehold exp-food & supplies
LHouse exp:Food & supplies
SHouse exp:Food & supplies/S:SM
$-13.75
SHouse exp:Food & supplies/M:SM
$-13.76
^
D12/22/94
U0.00
T0.00
PChristmas gift
LHouse exp:Gifts
SHouse exp:Gifts/S:SM
ECynthia's
$0.00
SHouse exp:Gifts/M:SM
ECynthia's
$0.00
^
D12/24/94
U-40.60
T-40.60
PHousehold exp-food & supplies
LHouse exp:Food & supplies
SHouse exp:Food & supplies/S:SM
$-20.30
SHouse exp:Food & supplies/M:SM
$-20.30
^
D12/24/94
U-60.00
T-60.00
PHousehold exp -Cleaning
LHouse exp:Cleaning
SHouse exp:Cleaning/M:SM
ECynthia
$-30.00
SHouse exp:Cleaning/S:SM
ECynthia
$-30.00
^
D12/24/94
U-90.56
T-90.56
PHousehold exp-Misc purchases
LHouse exp:Misc purchases
SHouse exp:Misc purchases/M:SM
EChristmas stuff
$-45.24
SHouse exp:Misc purchases/S:SM
EChristmas stuff
$-45.32
^
D12/24/94
U-25.23
T-25.23
PHousehold exp-Misc purchases
LHouse exp:Misc purchases
SHouse exp:Misc purchases/M:SM
EChristmas stuff
$-12.60
SHouse exp:Misc purchases/S:SM
EChristmas stuff
$-12.63
^
D12/26/94
U-67.00
T-67.00
PHousehold exp-Misc purchases
LHouse exp:Misc purchases
SHouse exp:Misc purchases/M:SM
EWool throw
$-33.47
SHouse exp:Misc purchases/S:SM
EWool throw
$-33.53
^
D12/28/94
U-19.69
T-19.69
PHousehold exp-food & supplies
LHouse exp:Food & supplies
SHouse exp:Food & supplies/S:SM
$-9.84
SHouse exp:Food & supplies/M:SM
$-9.85
^
D12/31/94
U-104.15
T-104.15
PIVF
LLiving exp:Ins:Health
SLiving exp:Ins:Health/M:SM
ESt. Josph's Hospital
$-52.11
SLiving exp:Ins:Health/S:SM
ESt. Josph's Hospital
$-52.04
^
D1/ 7/95
U-60.00
T-60.00
PHousehold exp -Cleaning
LHouse exp:Cleaning
SHouse exp:Cleaning/M:SM
ECynthia
$-30.00
SHouse exp:Cleaning/S:SM
ECynthia
$-30.00
^
D1/17/95
U-15.00
T-15.00
PHousehold exp-Misc purchasesm/
MH'orsd'oerve spreder
LHouse exp:Misc purchases
SHouse exp:Misc purchases/M:MS
Eh'orsd'oerne spreader
$-7.50
SHouse exp:Misc purchases/S:MS
Eh'orsd'oerne spreader
$-7.50
^
D1/21/95
U-60.00
T-60.00
PHousehold exp -Cleaning
LHouse exp:Cleaning
SHouse exp:Cleaning/M:SM
ECynthia
$-30.00
SHouse exp:Cleaning/S:SM
ECynthia
$-30.00
^
D1/23/95
U-121.70
T-121.70
PHousehold exp-food & supplies
LHouse exp:Food & supplies
SHouse exp:Food & supplies/S:SM
$-60.84
SHouse exp:Food & supplies/M:SM
$-60.86
^
D1/25/95
U-25.52
T-25.52
PHousehold exp-food & supplies
LHouse exp:Food & supplies
SHouse exp:Food & supplies/S:SM
$-12.76
SHouse exp:Food & supplies/M:SM
$-12.76
^
D2/ 5/95
U-60.00
T-60.00
PHousehold exp -Cleaning
LHouse exp:Cleaning
SHouse exp:Cleaning/M:SM
ECynthia
$-30.00
SHouse exp:Cleaning/S:SM
ECynthia
$-30.00
^
D2/ 6/95
U-31.73
T-31.73
PHousehold exp-food & supplies
LHouse exp:Food & supplies
SHouse exp:Food & supplies/S:SM
$-15.86
SHouse exp:Food & supplies/M:SM
$-15.87
^
D2/ 6/95
U-38.45
T-38.45
PHousehold exp-food & supplies
LHouse exp:Food & supplies
SHouse exp:Food & supplies/S:SM
$-19.22
SHouse exp:Food & supplies/M:SM
$-19.23
^
D2/14/95
U-10.00
T-10.00
PDr. B
LLiving exp:Ins:Health
SLiving exp:Ins:Health/M:SM
EBurnhisel
$-5.00
SLiving exp:Ins:Health/S:SM
EBurnhisel`
$-5.00
^
D2/14/95
U-36.41
T-36.41
PHousehold exp-food & supplies
LHouse exp:Food & supplies
SHouse exp:Food & supplies/S:SM
$-18.20
SHouse exp:Food & supplies/M:SM
$-18.21
^
D2/18/95
U-60.00
T-60.00
PHousehold exp -Cleaning
LHouse exp:Cleaning
SHouse exp:Cleaning/M:SM
ECynthia
$-30.00
SHouse exp:Cleaning/S:SM
ECynthia
$-30.00
^
D2/18/95
U-12.41
T-12.41
PHousehold exp-Misc purchases
Mseeds
LHouse exp:Misc purchases
SHouse exp:Misc purchases/M:SM
$-6.20
SHouse exp:Misc purchases/S:SM
$-6.21
^
D2/18/95
U-51.57
T-51.57
PHousehold exp-food & supplies
LHouse exp:Food & supplies
SHouse exp:Food & supplies/S:SM
$-25.78
SHouse exp:Food & supplies/M:SM
$-25.79
^
D2/19/95
U-266.25
T-266.25
PMajor Purchase
LMagor purchase
SMagor purchase/M:SM
Ebutcher block
$-133.13
SMagor purchase/S:SM
Ebutcher block
$-133.12
^
D2/21/95
U-41.31
T-41.31
PHousehold exp-food & supplies
LHouse exp:Food & supplies
SHouse exp:Food & supplies/S:SM
$-20.65
SHouse exp:Food & supplies/M:SM
$-20.66
^
D2/22/95
U-12.89
T-12.89
PHousehold exp-Misc purchases
Mair filters
LHouse exp:Misc purchases
SHouse exp:Misc purchases/M:SM
$-6.44
SHouse exp:Misc purchases/S:SM
$-6.45
^
D2/24/95
U-21.00
T-21.00
PTickets ,Czar
LEnter:Events
SEnter:Events/M:SM
ECzar
$-10.50
SEnter:Events/S:SM
ECzar
$-10.50
^
D2/27/95
U-500.00
T-500.00
PDr. B
LLiving exp:Ins:Health
SLiving exp:Ins:Health/M:SM
EBurnhisel .IVF deposit
$-250.00
SLiving exp:Ins:Health/S:SM
EBurnhisel .IVF deposit
$-250.00
^
D3/ 1/95
U-33.52
T-33.52
PHousehold exp-food & supplies
LHouse exp:Food & supplies
SHouse exp:Food & supplies/S:SM
$-16.76
SHouse exp:Food & supplies/M:SM
$-16.76
^
D3/ 4/95
U-60.00
T-60.00
PHousehold exp -Cleaning
LHouse exp:Cleaning
SHouse exp:Cleaning/M:SM
ECynthia
$-30.00
SHouse exp:Cleaning/S:SM
ECynthia
$-30.00
^
D3/13/95
U-600.00
T-600.00
PDr. B
MArt ,Assisted reproductions
LMagor purchase
SMagor purchase/M:SM
Ebutcher block
$-300.01
SMagor purchase/S:SM
Ebutcher block
$-299.99
^
D3/13/95
U-63.95
T-63.95
PMajor Purchase
MTable cover
LMagor purchase
SMagor purchase/M:SM
Ebutcher block
$-31.98
SMagor purchase/S:SM
Ebutcher block
$-31.97
^
D3/15/95
U-241.50
T-241.50
PDr. B
MMeds
LLiving exp:Ins:Health
SLiving exp:Ins:Health/M:SM
EBurnhisel .IVF deposit
$-120.75
SLiving exp:Ins:Health/S:SM
EBurnhisel .IVF deposit
$-120.75
^
D3/18/95
U-60.00
T-60.00
PHousehold exp -Cleaning
LHouse exp:Cleaning
SHouse exp:Cleaning/M:SM
ECynthia
$-30.00
SHouse exp:Cleaning/S:SM
ECynthia
$-30.00
^
D3/20/95
U-30.40
T-30.40
PHousehold exp-food & supplies
LHouse exp:Food & supplies
SHouse exp:Food & supplies/S:SM
$-15.20
SHouse exp:Food & supplies/M:SM
$-15.20
^
D3/23/95
U-2,000.00
T-2,000.00
M1994 IRA contribution
L[Sep-Susie]
^
D3/25/95
U-76.03
T-76.03
PMajor Purchase
MFreight, Uniway
LMagor purchase
SMagor purchase/M:SM
Ebutcher block
$-38.02
SMagor purchase/S:SM
Ebutcher block
$-38.01
^
D3/26/95
U-10.46
T-10.46
PHousehold exp-Misc purchases
LHouse exp:Misc purchases
SHouse exp:Misc purchases/M:SM
$-5.23
SHouse exp:Misc purchases/S:SM
$-5.23
^
D3/30/95
U-13.59
T-13.59
PDr. B
LLiving exp:Ins:Health
SLiving exp:Ins:Health/M:SM
EBurnhisel .meds
$-6.79
SLiving exp:Ins:Health/S:SM
EBurnhisel .meds
$-6.80
^
D3/30/95
U-95.00
T-95.00
PDr. B
MFee
LLiving exp:Ins:Health
SLiving exp:Ins:Health/M:SM
EBurnhisel .IVF deposit
$-47.50
SLiving exp:Ins:Health/S:SM
EBurnhisel .IVF deposit
$-47.50
^
D4/ 1/95
U-60.00
T-60.00
PHousehold exp -Cleaning
LHouse exp:Cleaning
SHouse exp:Cleaning/M:SM
ECynthia
$-30.00
SHouse exp:Cleaning/S:SM
ECynthia
$-30.00
^
D4/ 1/95
U-26.16
T-26.16
PHousehold exp-food & supplies
LHouse exp:Food & supplies
SHouse exp:Food & supplies/S:SM
$-13.08
SHouse exp:Food & supplies/M:SM
$-13.08
^
D4/ 3/95
U-25.00
T-25.00
PDr. B
MLab test
LLiving exp:Ins:Health
SLiving exp:Ins:Health/M:SM
EBurnhisel .IVF deposit
$-12.50
SLiving exp:Ins:Health/S:SM
EBurnhisel .IVF deposit
$-12.50
^
D4/ 5/95
U-13.39
T-13.39
PDr. B
MMeds
LLiving exp:Ins:Health
SLiving exp:Ins:Health/M:SM
EBurnhisel .IVF deposit
$-6.70
SLiving exp:Ins:Health/S:SM
EBurnhisel .IVF deposit
$-6.69
^
D4/ 5/95
U-23.34
T-23.34
PHousehold exp-food & supplies
LHouse exp:Food & supplies
SHouse exp:Food & supplies/S:SM
$-11.67
SHouse exp:Food & supplies/M:SM
$-11.67
^
D4/ 8/95
U-38.28
T-38.28
PHousehold exp-Misc purchases
MHome Depot
LHouse exp:Misc purchases
SHouse exp:Misc purchases/M:SM
$-19.12
SHouse exp:Misc purchases/S:SM
$-19.16
^
D4/ 8/95
U-82.45
T-82.45
PHousehold exp-Misc purchases
MLevenger ,nouven reader
LHouse exp:Misc purchases
SHouse exp:Misc purchases/M:SM
$-41.19
SHouse exp:Misc purchases/S:SM
$-41.26
^
D4/ 8/95
U-21.00
T-21.00
PHousehold exp-Misc purchases
MMop
LHouse exp:Misc purchases
SHouse exp:Misc purchases/M:SM
$-10.49
SHouse exp:Misc purchases/S:SM
$-10.51
^
D4/ 9/95
U-76.00
T-76.00
PTampa Theater
LEnter:Events
SEnter:Events/M:SM
ETampa Theater
$-38.00
SEnter:Events/S:SM
ETampa Theater
$-38.00
^
D4/ 9/95
U-1,852.00
T-1,852.00
PDr. B
MSurgery
LLiving exp:Ins:Health
SLiving exp:Ins:Health/M:SM
EBurnhisel .IVF deposit
$-926.00
SLiving exp:Ins:Health/S:SM
EBurnhisel .IVF deposit
$-926.00
^
D4/ 9/95
U-35.00
T-35.00
PHousehold exp-food & supplies
LHouse exp:Food & supplies
SHouse exp:Food & supplies/S:SM
$-17.50
SHouse exp:Food & supplies/M:SM
$-17.50
^
D4/ 9/95
U-17.85
T-17.85
PHousehold exp-Misc purchases
MFrank's
LHouse exp:Misc purchases
SHouse exp:Misc purchases/M:SM
$-8.92
SHouse exp:Misc purchases/S:SM
$-8.93
^
D4/10/95
U-55.00
T-55.00
PHousehold exp-Misc purchases
MPlant Museum
LHouse exp:Misc purchases
SHouse exp:Misc purchases/M:SM
$-27.48
SHouse exp:Misc purchases/S:SM
$-27.52
^
D4/10/95
U-2,376.00
T-2,376.00
PDr. B
MServices denided, Principal
LLiving exp:Ins:Health
SLiving exp:Ins:Health/M:SM
EBurnhisel .IVF deposit
$-1,188.00
SLiving exp:Ins:Health/S:SM
EBurnhisel .IVF deposit
$-1,188.00
^
D4/12/95
U-159.88
T-159.88
PHousehold exp-food & supplies
LHouse exp:Food & supplies
SHouse exp:Food & supplies/S:SM
$-79.92
SHouse exp:Food & supplies/M:SM
$-79.96
^
D4/12/95
U-25.00
T-25.00
PHousehold exp-Home maintainance
MFloyd
LHouse exp:Home repair
SHouse exp:Home repair/S:SM
$-12.50
SHouse exp:Home repair/M:SM
$-12.50
^
D4/12/95
U-189.56
T-189.56
PHousehold exp-Home maintainance
MPool motor
LHouse exp:Home repair
SHouse exp:Home repair/S:SM
$-94.78
SHouse exp:Home repair/M:SM
$-94.78
^
D4/13/95
U-98.41
T-98.41
PHousehold exp-food & supplies
LHouse exp:Food & supplies
SHouse exp:Food & supplies/S:SM
$-49.19
SHouse exp:Food & supplies/M:SM
$-49.22
^
D4/13/95
U-13.39
T-13.39
PDr. B
MMeds
LLiving exp:Ins:Health
SLiving exp:Ins:Health/M:SM
EBurnhisel .IVF deposit
$-6.70
SLiving exp:Ins:Health/S:SM
EBurnhisel .IVF deposit
$-6.69
^
D4/16/95
U-60.00
T-60.00
PHousehold exp -Cleaning
LHouse exp:Cleaning
SHouse exp:Cleaning/M:SM
ECynthia
$-30.00
SHouse exp:Cleaning/S:SM
ECynthia
$-30.00
^
D4/20/95
U-150.47
T-150.47
PHousehold exp-Misc purchases
MBath museum
LHouse exp:Misc purchases
SHouse exp:Misc purchases/M:SM
$-75.17
SHouse exp:Misc purchases/S:SM
$-75.30
^
D4/21/95
U-1,000.00
T-1,000.00
NDEP
PHyde School
M1996 deposit
LChild expen:Hyde/M:SM
^
D4/21/95
U-500.00
T-500.00
NDEP
PHyde School
M1996 deposit
LChild expen:Hyde/M:SM
^
D4/24/95
U-101.00
T-101.00
PHousehold exp-Misc purchases
MAAA membership
LHouse exp:Misc purchases
SHouse exp:Misc purchases/M:SM
$-50.46
SHouse exp:Misc purchases/S:SM
$-50.54
^
D4/29/95
U-53.20
T-53.20
PHousehold exp-food & supplies
LHouse exp:Food & supplies
SHouse exp:Food & supplies/S:SM
$-26.59
SHouse exp:Food & supplies/M:SM
$-26.61
^
D4/30/95
U-60.00
T-60.00
PHousehold exp -Cleaning
LHouse exp:Cleaning
SHouse exp:Cleaning/M:SM
ECynthia
$-30.00
SHouse exp:Cleaning/S:SM
ECynthia
$-30.00
^
D5/ 5/95
U-75.00
T-75.00
PW.Williams
Mlawn
LHouse exp:Lawn
SHouse exp:Lawn/M:MS
$-50.25
SHouse exp:Lawn/S:MS
$-24.75
^
D5/ 6/95
U-212.00
T-212.00
PHousehold exp-Misc purchases
MCeramics
LHouse exp:Misc purchases
SHouse exp:Misc purchases/M:SM
$-105.91
SHouse exp:Misc purchases/S:SM
$-106.09
^
D5/11/95
U-229.00
T-229.00
PN.C. beach house
Mdeposit
LTravel:Wilmington/M:SM
^
D5/13/95
U-75.00
T-75.00
PN.C. beach house
Mfood
LTravel:Wilmington/M:SM
^
D5/15/95
U-76.14
T-76.14
PHousehold exp-food & supplies
LHouse exp:Food & supplies
SHouse exp:Food & supplies/S:SM
$-38.06
SHouse exp:Food & supplies/M:SM
$-38.08
^
D5/15/95
U-60.00
T-60.00
PHousehold exp -Cleaning
LHouse exp:Cleaning
SHouse exp:Cleaning/M:SM
ECynthia
$-30.00
SHouse exp:Cleaning/S:SM
ECynthia
$-30.00
^
D5/17/95
U-85.00
T-85.00
PSan Juan Vaction
MB  & B
LTravel:Seatle
STravel:Seatle/M:SM
$-42.50
STravel:Seatle/S:SM
$-42.50
^
D5/22/95
U-14.50
T-14.50
PHousehold exp-Misc purchases
MDrug store supplies
LHouse exp:Misc purchases
SHouse exp:Misc purchases/M:SM
$-7.24
SHouse exp:Misc purchases/S:SM
$-7.26
^
D5/22/95
U-38.59
T-38.59
PHousehold exp-food & supplies
LHouse exp:Food & supplies
SHouse exp:Food & supplies/S:SM
$-19.29
SHouse exp:Food & supplies/M:SM
$-19.30
^
D5/22/95
U-65.16
T-65.16
PSan Juan Vaction
MB  & B
LTravel:Seatle
STravel:Seatle/M:SM
$-32.58
STravel:Seatle/S:SM
$-32.58
^
D5/25/95
U-60.26
T-60.26
PHousehold exp-food & supplies
LHouse exp:Food & supplies
SHouse exp:Food & supplies/S:SM
$-30.12
SHouse exp:Food & supplies/M:SM
$-30.14
^
D5/25/95
U-66.00
T-66.00
PHousehold exp-Misc purchases
MCross Pest Control
LHouse exp:Misc purchases
SHouse exp:Misc purchases/M:SM
$-32.97
SHouse exp:Misc purchases/S:SM
$-33.03
^
D5/27/95
U-60.00
T-60.00
PHousehold exp -Cleaning
LHouse exp:Cleaning
SHouse exp:Cleaning/M:SM
ECynthia
$-30.00
SHouse exp:Cleaning/S:SM
ECynthia
$-30.00
^
D6/ 1/95
U-72.00
T-72.00
PHousehold exp-Misc purchases
MWEDU membership
LHouse exp:Misc purchases
SHouse exp:Misc purchases/M:SM
$-35.97
SHouse exp:Misc purchases/S:SM
$-36.03
^
D6/ 4/95
U-75.00
T-75.00
PHousehold exp-Misc purchases
MUniway
LHouse exp:Misc purchases
SHouse exp:Misc purchases/M:SM
$-37.47
SHouse exp:Misc purchases/S:SM
$-37.53
^
D6/ 7/95
U-19.12
T-19.12
PHousehold exp-Misc purchases
MVacumm cleaner belt
LHouse exp:Misc purchases
SHouse exp:Misc purchases/M:SM
$-9.55
SHouse exp:Misc purchases/S:SM
$-9.57
^
D6/ 7/95
U-20.05
T-20.05
PHousehold exp-food & supplies
LHouse exp:Food & supplies
SHouse exp:Food & supplies/S:SM
$-10.02
SHouse exp:Food & supplies/M:SM
$-10.03
^
D6/10/95
U-60.00
T-60.00
PHousehold exp -Cleaning
LHouse exp:Cleaning
SHouse exp:Cleaning/M:SM
ECynthia
$-30.00
SHouse exp:Cleaning/S:SM
ECynthia
$-30.00
^
D6/10/95
U-11.05
T-11.05
PHousehold exp-Misc purchases
MFrank's
LHouse exp:Misc purchases
SHouse exp:Misc purchases/M:SM
$-5.52
SHouse exp:Misc purchases/S:SM
$-5.53
^
D6/10/95
U-48.55
T-48.55
PHousehold exp-food & supplies
LHouse exp:Food & supplies
SHouse exp:Food & supplies/S:SM
$-24.27
SHouse exp:Food & supplies/M:SM
$-24.28
^
D6/10/95
U-30.72
T-30.72
PHousehold exp-food & supplies
LHouse exp:Food & supplies
SHouse exp:Food & supplies/S:SM
$-15.36
SHouse exp:Food & supplies/M:SM
$-15.36
^
D6/12/95
U107.62
T107.62
PPaid Mike for Sports Unlimited
LLeasure:Misc/M:SM
^
D6/12/95
U399.38
T399.38
PPaid Mike for luggage
LGifts/M:SM
^
D6/12/95
U-59.47
T-59.47
PHousehold exp-Misc purchases
MSilver cleaner,dishes
LHouse exp:Misc purchases
SHouse exp:Misc purchases/M:SM
$-29.71
SHouse exp:Misc purchases/S:SM
$-29.76
^
D6/12/95
U-34.37
T-34.37
PHousehold exp-food & supplies
LHouse exp:Food & supplies
SHouse exp:Food & supplies/S:SM
$-17.18
SHouse exp:Food & supplies/M:SM
$-17.19
^
D6/12/95
U-69.33
T-69.33
PHousehold exp-food & supplies
LHouse exp:Food & supplies
SHouse exp:Food & supplies/S:SM
$-34.66
SHouse exp:Food & supplies/M:SM
$-34.67
^
D6/12/95
U-6.79
T-6.79
PHousehold exp-Misc purchases
MFilters
LHouse exp:Misc purchases
SHouse exp:Misc purchases/M:SM
$-3.39
SHouse exp:Misc purchases/S:SM
$-3.40
^
D6/24/95
U-60.00
T-60.00
PHousehold exp -Cleaning
LHouse exp:Cleaning
SHouse exp:Cleaning/M:SM
ECynthia
$-30.00
SHouse exp:Cleaning/S:SM
ECynthia
$-30.00
^
D6/29/95
U-189.75
T-189.75
PSan Juan Vaction
MB  & B
LTravel:Seatle
STravel:Seatle/M:SM
$-94.87
STravel:Seatle/S:SM
$-94.88
^
D6/29/95
U-182.75
T-182.75
PSan Juan Vaction
MB  & B
LTravel:Seatle
STravel:Seatle/M:SM
$-91.37
STravel:Seatle/S:SM
$-91.38
^
D7/ 3/95
U-286.49
T-286.49
PMajor Purchase
MMixer
LMagor purchase
SMagor purchase/M:SM
Ebutcher block
$-143.25
SMagor purchase/S:SM
Ebutcher block
$-143.24
^
D7/ 5/95
U-27.91
T-27.91
PHousehold exp-Misc purchases
MMusic, Friday Harbor
LHouse exp:Misc purchases
SHouse exp:Misc purchases/M:SM
$-13.94
SHouse exp:Misc purchases/S:SM
$-13.97
^
D7/ 8/95
U-33.24
T-33.24
PHousehold exp-food & supplies
LHouse exp:Food & supplies
SHouse exp:Food & supplies/S:SM
$-16.62
SHouse exp:Food & supplies/M:SM
$-16.62
^
D7/ 8/95
U-60.00
T-60.00
PHousehold exp -Cleaning
LHouse exp:Cleaning
SHouse exp:Cleaning/M:SM
ECynthia
$-30.00
SHouse exp:Cleaning/S:SM
ECynthia
$-30.00
^
D7/13/95
U-21.38
T-21.38
PHousehold exp-food & supplies
LHouse exp:Food & supplies
SHouse exp:Food & supplies/S:SM
$-10.69
SHouse exp:Food & supplies/M:SM
$-10.69
^
D7/17/95
U-26.78
T-26.78
PHousehold exp-food & supplies
LHouse exp:Food & supplies
SHouse exp:Food & supplies/S:SM
$-13.39
SHouse exp:Food & supplies/M:SM
$-13.39
^
D7/19/95
U-33.50
T-33.50
PHousehold exp-food & supplies
LHouse exp:Food & supplies
SHouse exp:Food & supplies/S:SM
$-16.75
SHouse exp:Food & supplies/M:SM
$-16.75
^
D7/22/95
U-60.00
T-60.00
PHousehold exp -Cleaning
LHouse exp:Cleaning
SHouse exp:Cleaning/M:SM
ECynthia
$-30.00
SHouse exp:Cleaning/S:SM
ECynthia
$-30.00
^
D7/31/95
U-25.52
T-25.52
PHousehold exp-Misc purchases
MGarden tools
LHouse exp:Misc purchases
SHouse exp:Misc purchases/M:SM
$-12.75
SHouse exp:Misc purchases/S:SM
$-12.77
^
D8/ 5/95
U-60.00
T-60.00
PHousehold exp -Cleaning
LHouse exp:Cleaning
SHouse exp:Cleaning/M:SM
ECynthia
$-30.00
SHouse exp:Cleaning/S:SM
ECynthia
$-30.00
^
D8/ 9/95
U-51.39
T-51.39
PHousehold exp-food & supplies
LHouse exp:Food & supplies
SHouse exp:Food & supplies/S:SM
$-25.69
SHouse exp:Food & supplies/M:SM
$-25.70
^
D8/11/95
U-32.34
T-32.34
PHousehold exp-Misc purchases
MPressure cooker
LHouse exp:Misc purchases
SHouse exp:Misc purchases/M:SM
$-16.16
SHouse exp:Misc purchases/S:SM
$-16.18
^
D8/15/95
U-12.78
T-12.78
PHousehold exp-Misc purchases
MPlants
LHouse exp:Misc purchases
SHouse exp:Misc purchases/M:SM
$-6.38
SHouse exp:Misc purchases/S:SM
$-6.40
^
D8/16/95
U-67.91
T-67.91
PHousehold exp-food & supplies
LHouse exp:Food & supplies
SHouse exp:Food & supplies/S:SM
$-33.95
SHouse exp:Food & supplies/M:SM
$-33.96
^
D8/19/95
U-60.00
T-60.00
PHousehold exp -Cleaning
LHouse exp:Cleaning
SHouse exp:Cleaning/M:SM
ECynthia
$-30.00
SHouse exp:Cleaning/S:SM
ECynthia
$-30.00
^
D8/21/95
U-45.85
T-45.85
PHousehold exp-food & supplies
LHouse exp:Food & supplies
SHouse exp:Food & supplies/S:SM
$-22.92
SHouse exp:Food & supplies/M:SM
$-22.93
^
D8/28/95
U-91.20
T-91.20
PHousehold exp-food & supplies
LHouse exp:Food & supplies
SHouse exp:Food & supplies/S:SM
$-45.59
SHouse exp:Food & supplies/M:SM
$-45.61
^
D8/30/95
U-44.34
T-44.34
PHousehold exp-food & supplies
LHouse exp:Food & supplies
SHouse exp:Food & supplies/S:SM
$-22.16
SHouse exp:Food & supplies/M:SM
$-22.18
^
D8/31/95
U-32.15
T-32.15
PHousehold exp-Misc purchases
MAlvin Magnan
LHouse exp:Misc purchases
SHouse exp:Misc purchases/M:SM
$-16.06
SHouse exp:Misc purchases/S:SM
$-16.09
^
D9/ 2/95
U-91.86
T-91.86
PHousehold exp-Misc purchases
MBeach towels,kitchen stuff
LHouse exp:Misc purchases
SHouse exp:Misc purchases/M:SM
$-45.89
SHouse exp:Misc purchases/S:SM
$-45.97
^
D9/ 2/95
U-60.00
T-60.00
PHousehold exp -Cleaning
LHouse exp:Cleaning
SHouse exp:Cleaning/M:SM
ECynthia
$-30.00
SHouse exp:Cleaning/S:SM
ECynthia
$-30.00
^
D9/10/95
U-25.03
T-25.03
PHousehold exp-Misc purchases
MHome Depot
LHouse exp:Misc purchases
SHouse exp:Misc purchases/M:SM
$-12.50
SHouse exp:Misc purchases/S:SM
$-12.53
^
D9/14/95
U-14.00
T-14.00
PHousehold exp-Misc purchases
MWraping paper
LHouse exp:Misc purchases
SHouse exp:Misc purchases/M:SM
$-6.99
SHouse exp:Misc purchases/S:SM
$-7.01
^
D9/18/95
U-60.00
T-60.00
PHousehold exp -Cleaning
LHouse exp:Cleaning
SHouse exp:Cleaning/M:SM
ECynthia
$-30.00
SHouse exp:Cleaning/S:SM
ECynthia
$-30.00
^
D9/21/95
U-31.23
T-31.23
PHousehold exp-food & supplies
LHouse exp:Food & supplies
SHouse exp:Food & supplies/S:SM
$-15.61
SHouse exp:Food & supplies/M:SM
$-15.62
^
D9/30/95
U-23.34
T-23.34
PHousehold exp-food & supplies
LHouse exp:Food & supplies
SHouse exp:Food & supplies/S:SM
$-11.67
SHouse exp:Food & supplies/M:SM
$-11.67
^
D9/30/95
U-60.00
T-60.00
PHousehold exp -Cleaning
LHouse exp:Cleaning
SHouse exp:Cleaning/M:SM
ECynthia
$-30.00
SHouse exp:Cleaning/S:SM
ECynthia
$-30.00
^
D10/ 4/95
U-38.79
T-38.79
PHousehold exp-food & supplies
LHouse exp:Food & supplies
SHouse exp:Food & supplies/S:SM
$-19.39
SHouse exp:Food & supplies/M:SM
$-19.40
^
D10/ 9/95
U-65.59
T-65.59
PHousehold exp-food & supplies
LHouse exp:Food & supplies
SHouse exp:Food & supplies/S:SM
$-32.79
SHouse exp:Food & supplies/M:SM
$-32.80
^
D10/10/95
U-15.98
T-15.98
PHousehold exp-Misc purchases
MFrame
LHouse exp:Misc purchases
SHouse exp:Misc purchases/M:SM
$-7.98
SHouse exp:Misc purchases/S:SM
$-8.00
^
D10/10/95
U-598.19
T-598.19
PMajor Purchase
MPicture frames
LMagor purchase
SMagor purchase/M:SM
Ebutcher block
$-299.11
SMagor purchase/S:SM
Ebutcher block
$-299.08
^
D10/10/95
U-1,364.04
T-1,364.04
PMajor Purchase
MTVs
LMagor purchase
SMagor purchase/M:SM
Ebutcher block
$-682.05
SMagor purchase/S:SM
Ebutcher block
$-681.99
^
D10/13/95
U-2,051.54
T-2,051.54
PMajor Purchase
MBlinds
LMagor purchase
SMagor purchase/M:SM
Ebutcher block
$-1,025.81
SMagor purchase/S:SM
Ebutcher block
$-1,025.73
^
D10/14/95
U-60.00
T-60.00
PHousehold exp -Cleaning
LHouse exp:Cleaning
SHouse exp:Cleaning/M:SM
ECynthia
$-30.00
SHouse exp:Cleaning/S:SM
ECynthia
$-30.00
^
D10/15/95
U-47.93
T-47.93
PDecorating house
MPaint
LDecorating hous
SDecorating hous/S:SM
Epaint
$-23.96
SDecorating hous/M:SM
Epaint
$-23.97
^
D10/16/95
U-21.83
T-21.83
PHousehold exp-food & supplies
LHouse exp:Food & supplies
SHouse exp:Food & supplies/S:SM
$-10.91
SHouse exp:Food & supplies/M:SM
$-10.92
^
D10/16/95
U-124.28
T-124.28
PHousehold exp-Misc purchases
MStuff
LHouse exp:Misc purchases
SHouse exp:Misc purchases/M:SM
$-62.09
SHouse exp:Misc purchases/S:SM
$-62.19
^
D10/18/95
U-30.56
T-30.56
PHousehold exp-Misc purchases
MK mart
LHouse exp:Misc purchases
SHouse exp:Misc purchases/M:SM
$-15.27
SHouse exp:Misc purchases/S:SM
$-15.29
^
D10/20/95
U-106.00
T-106.00
PBath Pictures
MGift,        Brand & Anne
LHouse exp:Gifts
SHouse exp:Gifts/M:SM
$-53.00
SHouse exp:Gifts/S:SM
$-53.00
^
D10/20/95
U-30.56
T-30.56
PHousehold exp-food & supplies
LHouse exp:Food & supplies
SHouse exp:Food & supplies/S:SM
$-15.28
SHouse exp:Food & supplies/M:SM
$-15.28
^
D10/21/95
U-2,000.00
T-2,000.00
NDEP
PHyde School
MFair Share
LChild expen:Hyde
SChild expen:Hyde/M:SM
$-1,000.00
SChild expen:Hyde/S:SM
$-1,000.00
^
D10/23/95
U-64.73
T-64.73
PHousehold exp-food & supplies
LHouse exp:Food & supplies
SHouse exp:Food & supplies/S:SM
$-32.36
SHouse exp:Food & supplies/M:SM
$-32.37
^
D10/27/95
U-30.20
T-30.20
PHousehold exp-food & supplies
LHouse exp:Food & supplies
SHouse exp:Food & supplies/S:SM
$-15.10
SHouse exp:Food & supplies/M:SM
$-15.10
^
D10/29/95
U-106.81
T-106.81
PLlithopants
MGift
LHouse exp:Gifts
SHouse exp:Gifts/M:SM
$-53.40
SHouse exp:Gifts/S:SM
$-53.41
^
D10/31/95
U-361.57
T-361.57
PDecorating house
MRebbeca
LDecorating hous
SDecorating hous/S:SM
ERebecca
$-180.78
SDecorating hous/M:SM
ERebecca
$-180.79
^
D10/31/95
U-479.25
T-479.25
PMajor Purchase
MAntique lamps
LMagor purchase
SMagor purchase/M:SM
Elamps
$-239.63
SMagor purchase/S:SM
Elamps
$-239.62
^
D11/ 1/95
U-85.15
T-85.15
PMajor Purchase
MPasta attachment
LMagor purchase
SMagor purchase/M:SM
$-42.58
SMagor purchase/S:SM
$-42.57
^
D11/ 2/95
U-1,240.00
T-1,240.00
PDecorating house
LDecorating hous
SDecorating hous/S:SM
EKim Derks
$-620.00
SDecorating hous/M:SM
EKim Derks
$-620.00
^
D11/ 2/95
U-25.40
T-25.40
PDecorating house
Mpaint
LDecorating hous
SDecorating hous/S:SM
Epaint
$-12.70
SDecorating hous/M:SM
Epaint
$-12.70
^
D11/ 3/95
U-166.00
T-166.00
PHousehold exp-Misc purchases
MPampered cheif ,kitchen
LHouse exp:Misc purchases
SHouse exp:Misc purchases/M:SM
$-82.93
SHouse exp:Misc purchases/S:SM
$-83.07
^
D11/ 4/95
U-34.47
T-34.47
PDecorating house
MPaint
LDecorating hous
SDecorating hous/S:SM
Epaint
$-17.23
SDecorating hous/M:SM
Epaint
$-17.24
^
D11/ 4/95
U-60.00
T-60.00
PHousehold exp -Cleaning
LHouse exp:Cleaning
SHouse exp:Cleaning/M:MS
ECynthia
$-30.00
SHouse exp:Cleaning/S:MS
ECynthia
$-30.00
^
D11/ 5/95
U-65.00
T-65.00
PGift
LHouse exp:Gifts
SHouse exp:Gifts/M:SM
EBaby
$-32.50
SHouse exp:Gifts/S:SM
EBaby
$-32.50
^
D11/ 7/95
U-16.00
T-16.00
PBooks for H. Cole
LHouse exp:Gifts
SHouse exp:Gifts/S:SM
$-8.00
SHouse exp:Gifts/M:SM
$-8.00
^
D11/11/95
U-33.16
T-33.16
PHousehold exp-Misc purchases
MPlants
LHouse exp:Misc purchases
SHouse exp:Misc purchases/M:SM
$-16.57
SHouse exp:Misc purchases/S:SM
$-16.59
^
D11/11/95
U-33.13
T-33.13
PHousehold exp-food & supplies
LHouse exp:Food & supplies
SHouse exp:Food & supplies/S:SM
$-16.56
SHouse exp:Food & supplies/M:SM
$-16.57
^
D11/15/95
U-47.93
T-47.93
PDecorating house
MCeiling lamp
LDecorating hous
SDecorating hous/S:SM
ECeiling lamp
$-23.96
SDecorating hous/M:SM
ECeiling lamp
$-23.97
^
D11/17/95
U-304.03
T-304.03
PMajor Purchase
MLamps & shades
LMagor purchase
SMagor purchase/M:SM
Elamps
$-152.02
SMagor purchase/S:SM
Elamps
$-152.01
^
D11/18/95
U-60.00
T-60.00
PHousehold exp -Cleaning
LHouse exp:Cleaning
SHouse exp:Cleaning/M:SM
ECynthia
$-30.00
SHouse exp:Cleaning/S:SM
ECynthia
$-30.00
^
D11/19/95
U-81.84
T-81.84
PHousehold exp-food & supplies
LHouse exp:Food & supplies
SHouse exp:Food & supplies/S:SM
$-40.91
SHouse exp:Food & supplies/M:SM
$-40.93
^
D11/19/95
U-10.65
T-10.65
PHousehold exp-Misc purchases
MPlants
LHouse exp:Misc purchases
SHouse exp:Misc purchases/M:SM
$-5.32
SHouse exp:Misc purchases/S:SM
$-5.33
^
D11/20/95
U-41.37
T-41.37
PHousehold exp-Misc purchases
MRepair vacumn
LHouse exp:Misc purchases
SHouse exp:Misc purchases/M:SM
$-20.67
SHouse exp:Misc purchases/S:SM
$-20.70
^
D11/20/95
U-211.00
T-211.00
PMajor Purchase
MLL Bean comforter
LMagor purchase
SMagor purchase/M:SM
$-105.50
SMagor purchase/S:SM
$-105.50
^
D11/22/95
U-232.45
T-232.45
PMajor Purchase
MSheats
LMagor purchase
SMagor purchase/M:SM
$-116.23
SMagor purchase/S:SM
$-116.22
^
D11/22/95
U-53.00
T-53.00
PMajor Purchase
Mcomforter
LMagor purchase
SMagor purchase/M:SM
$-26.50
SMagor purchase/S:SM
$-26.50
^
D11/27/95
U-50.77
T-50.77
PHousehold exp-food & supplies
LHouse exp:Food & supplies
SHouse exp:Food & supplies/S:SM
$-25.38
SHouse exp:Food & supplies/M:SM
$-25.39
^
D11/28/95
U-617.68
T-617.68
PMajor Purchase
MDishwasher & Disposal
LMagor purchase
SMagor purchase/M:SM
Ebutcher block
$-308.85
SMagor purchase/S:SM
Ebutcher block
$-308.83
^
D11/28/95
U-761.00
T-761.00
PDecorating house
MUpholster coach
LDecorating hous
SDecorating hous/S:SM
EUpholster coach
$-380.50
SDecorating hous/M:SM
